%%%%%%%%%%%%%%%%%%%%%%%%%%%%%%%%%%%%%%%%%
%        introduction referecnes 
%%%%%%%%%%%%%%%%%%%%%%%%%%%%%%%%%%%%%%%%%
@ARTICLE{Ferlay2015,
	author = {Ferlay, J and Soerjomataram, I and Dikshit, R and 
		      Eser, S and Mathers, C and Rebelo, M and 	
 		      Parkin, DM and Forman, D and Bray, F},
 	title = { Cancer incidence and mortality worldwide: sources, methods and 
                    major patterns in {GLOBOCAN} 2012},
	journal = {International Journal of Cancer},
	year = {2015},
	volume = {136},
	pages = {359-386}
}

@ARTICLE{Steenbergen2004,
	author = {Steenbergen, R D M and Kramer, D and Braakhuis, B J M and 
		      Stern, P L and Verheijen, R H M and Meijer, C J L M and 	
 		      Snijders, P J F},
 	title = { {TSLC1} gene silencing in cervical cancer cell lines and cervical 
		 neoplasia},
	journal = {Journal of the National Cancer Institute},
	year = {2004},
	volume = {96},
	pages = { 294-305}
}

@ARTICLE{Wilting2006,
	author = {Wilting, S M  and Snijders, P J F and Meijer, G A and Ylstra, B 
		      and  Van den Ijssel, P R and Snijders, A M and Albertson, D      
                           G and Coffa, J and Schouten, J P and Van de Wiel, M A and 
		     Meijer, C J L M and Steenbergen, R D M},
 	title = { Increased gene copy number at chromosome 20q are frequent in 
		 both squamous cell carcinomas and adenocarcinomas of the cervix},
	journal = {The Journal of Pathology},
	year = {2006},
	volume = {209},
	pages = { 220-230}
}

@ARTICLE{Henken2007,
	author = {Henken, F E and Wilting, S M and Overmeer, R M and
		      Van Rietschoten, J G and Nygren, A O H and Errami, A and 
		      Schouten, J P and Meijer, C J L M and Snijders, P J F and 
		      Steenbergen, R D M},
	title = { Sequential gene promoter methylation during {HPV}-induced
		  cervical carcinogenesis.},
	journal = {British Journal of Cancer},
	year = {2007},
	volume = {97},
	pages = { 1457-1464}
}

@ARTICLE{Ferlay2015,
  author={Ferlay, J and Soerjomataram, I and Dikshit, R and Eser, S and Mathers, C and Rebelo, M and Parkin Maxwell, D  and Forman, David and Bray, F},
  title={Cancer incidence and mortality worldwide: sources, methods and major patterns in {GLOBOCAN} 2012},
  journal={International Journal of Cancer},
  year={2015},
  volume={136},  
  pages={359-386}
}

@ARTICLE{Duensing2004,
  title={Mechanisms of genomic instability in human cancer: insights from studies with human papillomavirus oncoproteins},
  author={Duensing, S and M{\"u}nger, K},
  journal={International Journal of Cancer},
  year={2004},
  volume={109},
  pages={157-162}
}

@ARTICLE{Moody2010,
  title={Human papillomavirus oncoproteins: pathways to transformation},
  author={Moody, C A and Laimins, L A},
  journal={Nature Reviews Cancer},
  year={2010},
  volume={10},
  pages={550-560}
}

@article{Pett2004,
  title={Acquisition of high-level chromosomal instability is associated with integration of human papillomavirus type 16 in cervical keratinocytes},
  author={Pett, Mark R and Alazawi, William O F and Roberts, Ian and Dowen, Sally and Smith, David I and Stanley, Margaret A and Coleman, Nicholas},
  journal={Cancer research},
  volume={64},
  number={4},
  pages={1359--1368},
  year={2004},
  publisher={AACR}
}

@ARTICLE{Steenbergen2005,
  title={{HPV}-mediated transformation of the anogenital tract},
  author={Steenbergen, R D M and de Wilde, J and Wilting, S M and Brink, A A T P and Snijders, P J F and Meijer, C J L M},
  journal={Journal of Clinical Virology},
  year={2005},
  volume={32},
  pages={25-33}
}

@ARTICLE{Schena1995,
  title={Quantitative monitoring of gene expression patterns with a complementary {DNA} microarray},
  author={Schena, M and Shalon, D and Davis, R W and Brown, P O},
  journal={Science},
  year={1995},
  volume={270},
  pages={467}
}

@ARTICLE{Wang2009,
  title={{RNA}-{S}eq: a revolutionary tool for transcriptomics},
  author={Wang, Z and Gerstein, M and Snyder, M},
  journal={Nature Reviews Genetics},
  year={2009},
  volume={10},
  pages={57-63}
}

@ARTICLE{Wiel2007,
  title={{CGH}call: calling aberrations for array {CGH} tumor profiles},
  author={Van de Wiel, M A and Kim, K I and Vosse, S J and Van Wieringen, W N and Wilting, S M and Ylstra, B},
  journal={Bioinformatics},
  year={2007},
  volume={23},
  pages={892-894}
}

@ARTICLE{Lyng2008,
  title={{G}ene{C}ount: genome-wide calculation of absolute tumor DNA copy numbers from array comparative genomic hybridization data},
  author={Lyng, H and Lando, M and Br{\o}vig, R S and Svendsrud, D H and Johansen, M and Galteland, E and Brustugun, O T and Meza-Zepeda, L A and     Myklebost, O and Kristensen, G B and Hovig, E and Stokke, T},
  journal={Genome Biology},
  year={2008},
  volume={9},
  pages={1}
}

@ARTICLE{Ritchie2007,
  title={A comparison of background correction methods for two-colour microarrays},
  author={Ritchie, M E and Silver, J and Oshlack, A and Holmes, M and Diyagama, D and Holloway, A and Smyth, G K},
  journal={Bioinformatics},
  year={2007},
  volume={23},
  pages={2700-2707}
}

@ARTICLE{Ogata1999,
  title={{KEGG}: {K}yoto encyclopedia of genes and genomes},
  author={Ogata, H and Goto, S and Sato, K and Fujibuchi, W and Bono, H and Kanehisa, M},
  journal={Nucleic Acids Research},
  year={1999},
  volume={27},
  pages={29-34}
}

@ARTICLE{GO2004,
  title={The {G}ene {O}ntology (GO) database and informatics resource},
  author={Gene Ontology Consortium},
  journal={Nucleic Acids Research},
  year={2004},
  volume={32},
  pages={258-261}
}

@ARTICLE{Nau2002,
  title={Human macrophage activation programs induced by bacterial pathogens},
  author={Nau, G J and Richmond, J F L and Schlesinger, A and Jennings, E G and Lander, E S and Young, R A},
  journal={Proceedings of the National Academy of Sciences},
  year={2002},
  volume={99},
  pages={1503-1508},
}

@article{Abegaz2013,
  title={Sparse time series chain graphical models for reconstructing genetic networks},
  author={Abegaz, F and Wit, E},
  journal={Biostatistics},
  year={2013},
  volume={1},
  pages={1-14}
}

@article{Charbonnier2010,
  title={Weighted-{LASSO} for structured network inference from time course data},
  author={Charbonnier, C and Chiquet, J and Ambroise, C},
  journal={Statistical Applications in Genetics and Molecular Biology},
  year={2010},
  volume={9},
  pages={1-27}
}


@article{Olshen2004,
  author={Olshen, A B and Venkatraman, E S and Lucito, R and Wigler, M},
  title={Circular binary segmentation for the analysis of array-based {DNA} copy number data},
  journal={Biostatistics},
  year={2004},
  volume={5},
  number={4},
  pages={557--572}
}


@article{Irizarry2003,
  title={Exploration, normalization, and summaries of high density oligonucleotide array probe level data},
  author={Irizarry, R A and Hobbs, B and Collin, F and Beazer-Barclay, Y D and Antonellis, K J and Scherf, U and Speed, T P and others},
  journal={Biostatistics},
  volume={4},
  number={2},
  pages={249--264},
  year={2003}
}

@article{Boldstad2003,
  title={A comparison of normalization methods for high density oligonucleotide array data based on bias and variance},
  author={Boldstad, B M and Irizarry, R A and Astrand, M and Speed, T P},
  journal={Bioinformatics},
  volume={19},
  number={2},
  pages={185--193},
  year={2003}
}

@article{Huber2002,
  title={Variance stabilization applied to microarray data calibration and to the quantification of differential expression},
  author={Huber, W and Von Heydebreck, A and S{\"u}ltmann, H and Poustka, A and Vingron, M},
  journal={Bioinformatics},
  volume={18},
  number={suppl 1},
  pages={S96--S104},
  year={2002},
  publisher={Oxford University Press}
}

@article{Kanehisa2000,
  title={{KEGG}: kyoto encyclopedia of genes and genomes},
  author={Kanehisa, M and Goto, S},
  journal={Nucleic Acids Research},
  volume={28},
  number={1},
  pages={27--30},
  year={2000},
  publisher={Oxford University Press}
}

@article{Miok2014,
  title={tiga{R}: integrative significance analysis of temporal differential gene expression induced by genomic abnormalities},
  author={Miok, V and Wilting, S M and van de Wiel, M A and Jaspers, A and van Noort, P I and Brakenhoff, R H and Snijders, P J F and Steenbergen, RDM and van Wieringen, W. N.},
  journal={BMC Bioinformatics},
  volume={15},
  number={1},
  pages={327},
  year={2014},
  publisher={BioMed Central}
}

@article{Dahlhaus2000,
  title={Graphical interaction models for multivariate time series},
  author={Dahlhaus, R},
  journal={Metrika},
  volume={51},
  number={2},
  pages={157--172},
  year={2000},
  publisher={Springer}
}

@book{Hamilton1994,
  title={Time series analysis},
  author={Hamilton, J D},
  year={1994},
  publisher={Princeton University Press}
}

@book{Lutkepohl2005,
  title={New introduction to multiple time series analysis},
  author={L{\"u}tkepohl, H},
  year={2005},
  publisher={Springer}
}

@article{Jones2005,
  title={Covariance decomposition in undirected {G}aussian graphical models},
  author={Jones, B and West, M},
  journal={Biometrika},
  volume={92},
  number={4},
  pages={779--786},
  year={2005},
  publisher={Biometrika Trust}
}

@article{Miok2017,
  title={Ridge estimation of the {VAR}(1) model and its time series chain graph from multivariate time-course omics data},
  author={Miok, V and Wilting, S M and van Wieringen, W N},
  journal={Biometrical Journal},
  volume={59},
  number={1},
  pages={172-191},
  year={2017},
  publisher={Wiley Online Library}
}

@article{Miok2018,
  title={Ridge estimation of network models from time-course omics data},
  author={Miok, V and Wilting, S M and van Wieringen, W N},
  journal={Submitted for publication},
  year={2018}
}

@article{Wieringen2016,
  title={Ridge estimation of inverse covariance matrices from high-dimensional data},
  author={Van Wieringen, W N and Peeters, C F W},
  journal={Computational Statistics \& Data Analysis},
  volume={103},
  pages={284--303},
  year={2016},
  publisher={Elsevier}
}

 @Manual{Peeters2016,
    title = {rags2ridges: Ridge estimation of precision matrices from high-dimensional data},
    author = {Peeters, C F W and Van Wieringen, W N},
    year = {2016},
    note = {R package version 2.1.1},
  }

@book{Newman2010,
  title={Networks: an introduction},
  author={Newman, M},
  year={2010},
  publisher={Oxford University Press}
}

@article{Strimmer2008,
  title={A unified approach to false discovery rate estimation},
  author={Strimmer, K},
  journal={BMC Bioinformatics},
  volume={9},
  number={1},
  pages={303},
  year={2008},
  publisher={BioMed Central}
}


@article{Efron2004,
  title={Large-scale simultaneous hypothesis testing: the choice of a null hypothesis},
  author={Efron, B},
  journal={Journal of the American Statistical Association},
  volume={99},
  number={465},
  pages={96--104},
  year={2004},
  publisher={Taylor \& Francis}
}


@article{Alon2007,
  title={Network motifs: theory and experimental approaches},
  author={Alon, U},
  journal={Nature Reviews Genetics},
  volume={8},
  number={6},
  pages={450--461},
  year={2007},
  publisher={Nature Publishing Group}
}

@article{Kaplan2008,
  title={The incoherent feed-forward loop can generate non-monotonic input functions for genes},
  author={Kaplan, S and Bren, A and Dekel, E and Alon, U},
  journal={Molecular Systems Biology},
  volume={4},
  number={1},
  pages={203},
  year={2008},
  publisher={EMBO Press}
}

@article{Hsieh2015,
  title={Transcription factor and microRNA-regulated network motifs for cancer and signal transduction networks},
  author={Hsieh, W T and Tzeng, K R and Ciou, J S and Tsai, J J P and Kurubanjerdjit, N and Huang, C H and Ng, K L},
  journal={BMC systems biology},
  volume={9},
  number={Suppl 1},
  pages={S5},
  year={2015},
  publisher={BioMed Central Ltd}
}

@article{Goentoro2009,
  title={The incoherent feedforward loop can provide fold-change detection in gene regulation},
  author={Goentoro, L and Shoval, O and Kirschner, M W and Alon, U},
  journal={Molecular cell},
  volume={36},
  number={5},
  pages={894--899},
  year={2009},
  publisher={Elsevier}
}

@article{Villa1991,
  title={Differences in transformation activity between {HPV}-18 and {HPV}-16 map to the viral {LCR}-{E}6-{E}7 region},
  author={Villa, L L and Schlegel, R},
  journal={Virology},
  volume={181},
  number={1},
  pages={374--377},
  year={1991},
  publisher={Elsevier}
}

@book{Heinen2003,
  title={Multivariate modelling of time series count data: an autoregressive conditional {P}oisson model},
  author={Heinen, A and Rengifo, E and others},
  year={2003},
  publisher={Universite Catholique de Louvain}
}

@book{Kantz2004,
  title={Nonlinear time series analysis},
  author={Kantz, H and Schreiber, T},
  volume={7},
  year={2004},
  publisher={Cambridge University Press}
}

@article{Band1990,
  title={Human papilloma virus {DNA}s immortalize normal human mammary epithelial cells and reduce their growth factor requirements},
  author={Band, V and Zajchowski, D and Kulesa, V and Sager, R},
  journal={Proceedings of the National Academy of Sciences},
  volume={87},
  number={1},
  pages={463--467},
  year={1990},
  publisher={National Academy of Sciences}
}

@article{Durst1987,
  title={Molecular and cytogenetic analysis of immortalized human primary keratinocytes obtained after transfection with human papillomavirus type 16 {DNA}},
  author={D{\"u}rst, M and Dzarlieva-Petrusevska, RT and Boukamp, P and Fusenig, NE and Gissmann, L},
  journal={Oncogene},
  volume={1},
  number={3},
  pages={251--256},
  year={1987}
}

@article{Park1991,
  title={Immortalization of normal human oral keratinocytes with type 16 human papillomavirus},
  author={Park, N H and Min, B M and Li, S L and Huang, M Z and Doniger, J},
  journal={Carcinogenesis},
  volume={12},
  number={9},
  pages={1627--1631},
  year={1991},
  publisher={Oxford University Press}
}

@article{Pecoraro1989,
  title={Differential effects of human papillomavirus type 6, 16, and 18 {DNA}s on immortalization and transformation of human cervical epithelial cells},
  author={Pecoraro, G and Morgan, D and Defendi, V},
  journal={Proceedings of the National Academy of Sciences},
  volume={86},
  number={2},
  pages={563--567},
  year={1989},
  publisher={National Academy of Sciences}
}

@article{Pirisi1987,
  title={Transformation of human fibroblasts and keratinocytes with human papillomavirus type 16 {DNA}.},
  author={Pirisi, L and Yasumoto, S and Feller, M and Doniger, J and DiPaolo, J A},
  journal={Journal of Virology},
  volume={61},
  number={4},
  pages={1061--1066},
  year={1987},
  publisher={American Society for Microbiology}
}

@article{Willey1991,
  title={Immortalization of normal human bronchial epithelial cells by human papillomaviruses 16 or 18},
  author={Willey, J C and Broussoud, A and Sleemi, A and Bennett, W P and Cerutti, P and Harris, C C},
  journal={Cancer Research},
  volume={51},
  number={19},
  pages={5370--5377},
  year={1991},
  publisher={AACR}
}

@article{Schutze2014,
  title={Differential In Vitro Immortalization Capacity of Eleven, Probable High-Risk Human Papillomavirus Types},
  author={Sch{\"u}tze, D M and Snijders, P J F and Bosch, L and Kramer, D and Meijer, C J L M and Steenbergen, R D M},
  journal={Journal of Virology},
  volume={88},
  number={3},
  pages={1714--1724},
  year={2014},
  publisher={Am Soc Microbiol}
}

@article{Schutze2016,
  title={Immortalization capacity of {HPV} types is inversely related to chromosomal instability},
  author={Sch{\"u}tze, D M and Krijgsman, O and Snijders, P J F and Ylstra, B and Weischenfeldt, J and Mardin, BR and St{\"u}tz, A M and Korbel, J O and de Winter, J P and Meijer, C J L M and others},
  journal={Oncotarget},
  volume={7},
  number={25},
  pages={37608},
  year={2016},
  publisher={Impact Journals, LLC}
}

@article{Touleimat2012,
  title={Complete pipeline for {I}nfinium{\textregistered} {H}uman {M}ethylation 450{K} {B}ead{C}hip data processing using subset quantile normalization for accurate {DNA} methylation estimation},
  author={Touleimat, Nizar and Tost, J{\"o}rg},
  journal={Epigenomics},
  volume={4},
  number={3},
  pages={325--341},
  year={2012},
  publisher={Future Medicine}
}

@ARTICLE{Efron2001,
	author = {Efron, B and Tibshirani, R and Storey, J D and Tusher, V},
	title = {Empirical {B}ayes analysis of a microarray experiment},
	journal = {Journal of the American Statistical Association},
	year = {2001},
	volume = {96},
	pages = { 1151-1160}
}

@ARTICLE{Lonnstedt2002,
	author = {L{\"o}nnstedt, I and Speed, T P},
	title = {Replicated microarray data},
 	journal = {Statistica Sinica},
 	year = {2002}, 
 	volume = {12},
	pages = { 31-46}
}

@ARTICLE{Eckel2004,
	author = {Eckel, J E and Gennings, C and Chinchilli, V M and Burgoon,
		      L D and Zacharewski, T R}, 
	title = {Empirical {B}ayes gene screening tool for time-course or
		 dose-response microarray data},
	journal = {Journal of Biopharmaceutical Statistics}, 
	year = {2004},
	volume = {14}, 
	pages = { 647-670} 
}

@ARTICLE{Tai2006,
	author = {Tai, Y C and Speed, T P},
	title = {A multivariate empirical {B}ayes statistics for replicated
		  microarray time course data},	
	journal = {The Annals of Statistics},
	year= {2006},
	volume = {34},
	pages = { 2387-2412}
}

@ARTICLE{BarJoseph2003,
	author= {Bar-Joseph, Z and Gerber, G K  and Lee, T I and Rinaldi,
		     N J and Yoo, J Y and Robert, F and Gordon, D B and Fraenkel,
		     E and Jaakkola, T S and Young, R A and Gifford, D K},
	title = {Computational discovery of gene modules and regulatory networks},
	journal =  {Nature Biotechnology},
	year =      {2003},
	volume =  {21},
	pages =    { 1337-1324}
}

@ARTICLE{Hong2006,
	author = {Hong, F and Li, H}, 
	title = {Functional {H}ierarchical {M}odels for {I}dentifying {G}enes with
	            {D}ifferent {T}ime-{C}ourse {E}xpression {P}rofiles},
	journal = {Biometrics}, 
	year = {2006},
	volume = {62}, 
	pages = { 534-544}
}


@ARTICLE{Storey2005,
	author = {Storey, J D and Xiao, W and Leek, J T and Tompkins,
		      R G and Davis, R W}, 
	title = {Significance analysis of time course microarray experiments},
	journal = {Proceedings of the National Academy of Sciences of the
		       United States of America} ,
	year = {2005},
	volume = {102}, 
	pages = { 12837-12842} 
}

@article{Buffart2008,
  title={{MAL} promoter hypermethylation as a novel prognostic marker in gastric cancer},
  author={Buffart, T E and Overmeer, R M and Steenbergen, R D M and Tijssen, M and van Grieken, N C T and Snijders, P J F and Grabsch, H I and van de Velde, C J H and Carvalho, B and Meijer, G A},
  journal={British Journal of Cancer},
  volume={99},
  number={11},
  pages={1802},
  year={2008},
  publisher={Nature Publishing Group}
}

@article{Wiel2011,
  title={Preprocessing and downstream analysis of microarray {DNA} copy number profiles},
  author={Van de Wiel, M A and Picard, F and Van Wieringen, W N and Ylstra, B},
  journal={Briefings in Bioinformatics},
  volume={12},
  number={1},
  pages={10--21},
  year={2010},
  publisher={Oxford University Press}
}

@article{Shapira2009,
  title={A physical and regulatory map of host-influenza interactions reveals pathways in {H}1{N}1 infection},
  author={Shapira, S D and Gat-Viks, I and Shum, B O V and Dricot, A and de Grace, M M and Wu, L and Gupta, P B and Hao, T and Silver, S J and Root, D E and others},
  journal={Cell},
  volume={139},
  number={7},
  pages={1255--1267},
  year={2009},
  publisher={Elsevier}
}

@article{Tusher2001,
  title={Significance analysis of microarrays applied to the ionizing radiation response},
  author={Tusher, V G and Tibshirani, R and Chu, G},
  journal={Proceedings of the National Academy of Sciences},
  volume={98},
  number={9},
  pages={5116--5121},
  year={2001},
  publisher={National Acad Sciences}
}

@article{Smyth2004,
  title={Linear models and empirical {B}ayes methods for assessing differential expression in microarray experiments},
  author={Smyth, G K},
  journal={Statistical Applications in Genetics and Molecular Biology},
  volume={3},
  number={1},
  pages={1--25},
  year={2004}
}

@article{Lebre2009,
  title={Statistical inference of the time-varying structure of gene-regulation networks},
  author={Lebre, S and Becq, J and Devaux, F and Stumpf, M P H and Lelandais, G},
  journal={BMC Systems Biology},
  volume={4},
  number={1},
  pages={130},
  year={2010},
  publisher={BioMed Central}
}
@article{Rau2010,
  title={An empirical {B}ayesian method for estimating biological networks from temporal microarray data},
  author={Rau, A and Jaffr{\'e}zic, F and Foulley, J L and Doerge, R W},
  journal={Statistical Applications in Genetics and Molecular Biology},
  volume={9},
  number={1},
  year={2010}
}

@article{Zoppoli2010,
  title={TimeDelay-{ARACNE}: {R}everse engineering of gene networks from time-course data by an information theoretic approach},
  author={Zoppoli, P and Morganella, S and Ceccarelli, M},
  journal={BMC Bioinformatics},
  volume={11},
  number={1},
  pages={154},
  year={2010},
  publisher={BioMed Central}
}

@article{Meyer2007,
  title={Information-theoretic inference of large transcriptional regulatory networks},
  author={Meyer, P E and Kontos, K and Lafitte, F and Bontempi, G},
  journal={EURASIP Journal on Bioinformatics and Systems Biology},
  volume={2007},
  number={1},
  pages={79879},
  year={2007},
  publisher={Springer}
}

@article{Faith2007,
  title={Large-scale mapping and validation of Escherichia coli transcriptional regulation from a compendium of expression profiles},
  author={Faith, Jeremiah J and Hayete, Boris and Thaden, Joshua T and Mogno, Ilaria and Wierzbowski, Jamey and Cottarel, Guillaume and Kasif, Simon and Collins, James J and Gardner, Timothy S},
  journal={PLoS Biology},
  volume={5},
  number={1},
  pages={e8},
  year={2007},
  publisher={Public Library of Science}
}
%%%%%%%%%%%%%%%%%%%%%%%%%%%%%%%%%%%%%%%%%
%        tigaR referecnes 
%%%%%%%%%%%%%%%%%%%%%%%%%%%%%%%%%%%%%%%%%

@ARTICLE{Hanash2004,
	author = {Hanash, S},
	title = {Integrated global profile of cancer},
	journal = {Nature Reviews Cancer},
	year = {2004},
	volume = {4},
	pages = { 638-644}
}

@ARTICLE{Efron2001,
	author = {Efron, B and Tibshirani, R and Storey, J D and Tusher, V},
	title = {Empirical {B}ayes analysis of a microarray experiment},
	journal = {Journal of the American Statistical Association},
	year = {2001},
	volume = {96},
	pages = { 1151-1160}
}

@ARTICLE{Lonnstedt2002,
	author = {L{\"o}nnstedt, I and Speed, T P},
	title = {Replicated microarray data},
 	journal = {Statistica Sinica},
 	year = {2002}, 
 	volume = {12},
	pages = { 31-46}
}

@ARTICLE{Eckel2004,
	author = {Eckel, J E and Gennings, C and Chinchilli, V M and Burgoon,
		      L D and Zacharewski, T R}, 
	title = {Empirical {B}ayes gene screening tool for time-course or
		 dose-response microarray data},
	journal = {Journal of Biopharmaceutical Statistics}, 
	year = {2004},
	volume = {14}, 
	pages = { 647-670} 
}

@ARTICLE{Tai2006,
	author = {Tai, Y C and Speed, T P},
	title = {A multivariate empirical {B}ayes statistics for replicated
		  microarray time course data},	
	journal = {The Annals of Statistics},
	year= {2006},
	volume = {34},
	pages = { 2387-2412}
}

@ARTICLE{BarJoseph2003,
	author= {Bar-Joseph, Z and Gerber, G K  and Lee, T I and Rinaldi,
		     N J and Yoo, J Y and Robert, F and Gordon, D B and Fraenkel,
		     E and Jaakkola, T S and Young, R A and Gifford, D K},
	title = {Computational discovery of gene modules and regulatory networks},
	journal =  {Nature Biotechnology},
	year =      {2003},
	volume =  {21},
	pages =    { 1337-1324}
}

@ARTICLE{Hong2006,
	author = {Hong, F and Li, H}, 
	title = {Functional {H}ierarchical {M}odels for {I}dentifying {G}enes with
	            {D}ifferent {T}ime-{C}ourse {E}xpression {P}rofiles},
	journal = {Biometrics}, 
	year = {2006},
	volume = {62}, 
	pages = { 534-544}
}


@ARTICLE{Storey2005,
	author = {Storey, J D and Xiao, W and Leek, J T and Tompkins,
		      R G and Davis, R W}, 
	title = {Significance analysis of time course microarray experiments},
	journal = {Proceedings of the National Academy of Sciences of the
		       United States of America} ,
	year = {2005},
	volume = {102}, 
	pages = { 12837-12842} 
}

@ARTICLE{Vogelstein2004,
	author = {Vogelstein, B and Kinzler, K W},
	title = {Cancer genes and the pathways they control},
	journal = {Nature Medicine},
	year = {2004},
	volume = {10},
	pages = { 789-799}
}

@ARTICLE{Bierkens2013,
	author = {Bierkens, M and Krijgsman, O and Wilting, S M and Bosch, L and 
		      Jaspers, A and Meijer, G A and Meijer, C J L M and Snijders, P J F
		      and Ylstra, B and Steenbergen, R D M},
	title = {Focal aberrations indicate {EYA2} and hsa-mi{R}-375 as oncogene
		  and tumor suppressor in cervical carcinogenesis},
	journal = {Genes, Chromosomes and Cancer},
	year = {2013},
	volume = {52},
	pages = { 56-68}
}

@ARTICLE{Rue2009,
	author = {Rue, H and Matrino, S and Chopin, N}, 
	title = {Approximate {B}ayesian inference for latent {G}aussian models
		  by using integrated nested {L}aplace approximation},
	journal = {Journal of the Royal Statistical Society: Series B 	
		      (Statistical Methodology)} ,
	year = {2009},
	volume = {71}, 
	pages = { 319-392} 
}

@ARTICLE{Wieringen2012,
	author = {Van Wieringen, W N and Unger, K and Leday, G G R
		      and Krijgsman, O  and de Menezes, R and Ylstra, B
		     and Van de Wiel, M A}, 
  	title = {Matching of array {CGH} and gene expression microarray
		 features for the purpose of integrative genomic analysis},
	journal = {BMC Bioinformatics}, 
	year = {2012},
	volume = {13}, 
	pages = { 80} 
}

@ARTICLE{Ruppert2000,
	author = {Ruppert, D and Carroll, R J},
	title = { Theory \& {M}ethods: {S}patially-adaptive {P}enalties for {S}pline {F}itting},
	journal = {Australian \& New Zealand Journal of Statistics},
	year = {2000},
	volume = {42},
	pages = { 205-223}
}

@ARTICLE{Mark2013,
	author = {Van de Wiel, M A and Leday, G G R and Pardo, 
		      L and Rue, H and Van der Vaart, A W and Van Wieringen, W N},
	title = {Bayesian analysis of {RNA} sequencing data by estimating
		  multiple shrinkage priors},
	journal = {Biostatistics},
	year = {2013},
	volume = {14},
	pages = { 113-128}
}

@ARTICLE{Wessel2010,
	author = {Van Wieringen, W N and Berkhof, J and Van de Wiel, M A},
	title = {A random coefficients model for regional co-expression 	
	 	 associated with {DNA} copy number},
	journal = {Statistical Applications in Genetics and Molecular Biology},
	year = {2010},
	volume = {9},
	pages = { 1-30}
}

@ARTICLE{Ruppert2009,
	author = {Ruppert, D and Wand, M P and Carroll, R J},
	title = {Semiparametric regression during 2003-2007},
	journal = {Electronic Journal of Statistics},
	year = {2009},
	volume = {3},
	pages = { 1193}
}

@ARTICLE{Benjamini1995,
	author = {Benjamini, Y and Hochberg, Y},
	title = { Controlling the false discovery rate: a practical and powerful
		 approach to multiple testing},
	journal = {Journal of the Royal Statistical Society. Series B
		      (Methodological)},
	year = {1995},
	volume = {57},
	pages = { 289-300}
}

@ARTICLE{Smyth2004,
	author = {Smyth, G K},
	title = { Linear models and empirical {B}ayes methods for assessing 
		 differential expression in microarray experiments},
	journal = {Statistical Applications in Genetics and Molecular Biology},
	year = {2004},
	volume = {3},
	pages = { 3}
}

@ARTICLE{Robinson2010,
	author={Robinson, M D and McCarthy, D J  and Smyth, G K},
	title={edge{R}: a {B}ioconductor package for differential expression
		 analysis of digital gene expression data},
	journal={Bioinformatics},
	year={2010},
           volume={26},
	pages={139-140}
}

@ARTICLE{Spiegelhalter2002,
	author = {Spiegelhalter, D J and Best, N G and Carlin, B P 
		     and van der Liner, A},
	title = { Bayesian measures of model complexity and fit},
	journal = {Journal of the Royal Statistical Society: Series B
		      (Statistical Methodology)},
	year = {2002},
	volume = {64},
	pages = { 583-639}
}

@ARTICLE{Steenbergen1996,
	author = {Steenbergen, R D M and Walboomers, J M M. and  Meijer, 
		      C J L M  and  Van der Raaij-Helmer, E M H and  Parker, J N and 	
		      Chow, L T and Broker, T R and Snijders, P J F},
	title = { Transition of human papillomavirus type 16 and 18 transfected 
		 human foreskin keratinocytes towards immortality: activation of 			
		 telomerase and allele loss at 3p, 10p, 11q and/or 18q.},
	journal = {Oncogene},
	year = {1996},
	volume = {13},
	pages = { 1249-1257}
}

@ARTICLE{Olshen2004,
	author = {Olshen, A B  and Venkatraman, E S and Lucito, R and Wigler, M},
	title = { Circular binary segmentation for the analysis of array-based 
		 {DNA} copy number data},
	journal = {Biostatistics},
	year = {2004},
	volume = {5},
	pages = { 557-572}
}

@ARTICLE{Lyng2008,
	author = {Lyng, H and Lando, M and Broving, R S and Svendsrud, D H 
		      and Johansen, M and Galteland, E and Brustugun, O T and 				
	                 Meza-Zepeda, L A and Myklebost, O and Kristensen, G B and 
		      Hovig, E and Stokke, T},
	title = {Gene {C}ount: genome-wide calculation of absolute tumor {DNA} copy 
		 numbers from array comparative genomic hybridization data},
	journal = {Genome Biology},
	year = {2008},
	volume = {9},
	pages = { R86}
}

@ARTICLE{Overmeer2008,
	author = {Overmeer, R M and Henken, F E and Snijders, P J F and 
		      Claassen-Kramer, D and Berkhof, J and Helmerhorst, T J M and 	
                           Heideman, D A M and Wilting, S M and Murakami, Y and Ito, A 
		     and Meijer, C J L M and Steenbergen, R D M},
	title = { Association between dense {CADM1} promoter methylation and 
		  reduced protein expression in high-grade {CIN} and cervical {SCC}},
	journal = {The Journal of Pathology },
	year = {2008},
	volume = {215},
	pages = { 388-397}
}

@ARTICLE{Wilting2008,
	author = {Wilting, S M and de Wilde, J and Meijer, C J LM and Berkhof, J
		      and Yi, Y and Van Wieringen, W N and Braakhuis, B J M and 			
           	      Meijer, G A and Ylstra, B and Snijders, P J F and Steenbergen, R D M},
	title = {Integrated genomic and transcriptional profiling identifies chromosomal
		  loci with altered gene expression in cervical cancer},
	journal = {Genes, Chromosomes and Cancer},
	year = {2008},
	volume = {47},
	pages = { 890-905}
}

@ARTICLE{Oshlack2010,
	author = {Oshlack, A and Robinson, M D and Young, M D},
	title = { From {RNA}-seq reads to differential expression results},
	journal = {Genome Biology},
	year = {2010},
	volume = {11},
	pages = { 220}
}

@ARTICLE{Lindenbergh2013,
	author = {Lindenbergh-Van der Plas, M and Martens-de Kemp, S R and 
		      de Maaker, M and Van Wieringen, W N and Ylstra, B and Agami, R
		      and Cerisoli, F and Leemans, C R and Braakhuis, B J M and Brakenhoff, R H},               	     
	title = { Identification of lethal micro{RNA}s specific for head and neck cancer},
	journal = {Clinical Cancer Research},
	year = {2013},
	volume = {19},
	pages = { 5647-5657}
}

@ARTICLE{RobinsonSmyth2007,
	author = {Robinson, M D and Smyth, G K},
	title = { Moderated statistical tests for assessing differences in tag abundance},
	journal = {Bioinformatics},
	year = {2007},
	volume = {23},
	pages = { 2881-2887}
}

@ARTICLE{Huber2002,
	author = {Huber, W and Von Heydebreck, A and S{\"u}ltmann, H and Poustka,	
		      A and Vingron, M},
	title = { Variance stabilization applied to microarray data calibration and to 
		 the quantification of differential expression},
	journal = {Bioinformatics},
	year = {2002},
	volume = {18},
	pages = { S96-S104}
}

@ARTICLE{Fong2009,
	author = {Fong, Y and Rue, H and Wakefield, J},
	title = { Bayesian inference for generalized linear mixed models},
	journal = {Biostatistics},
	year = {2009},
	volume = {11},
	pages = { 397-412}
}

@ARTICLE{Crainiceanu2005,
	author = {Crainiceanu, C M and Ruppet, D and Wand, M P},
	title = { Bayesian {A}nalysis for {P}enalized {S}pline {R}egression using {WinBUGS}},
	journal = {Journal of Statistical Software},
	year = {2005},
	volume = {14},
	pages = { 1-47}
}

@ARTICLE{Wilting2006,
	author = {Wilting, S M  and Snijders, P J F and Meijer, G A and Ylstra, B 
		      and  Van den Ijssel, P R and Snijders, A M and Albertson, D      
                           G and Coffa, J and Schouten, J P and Van de Wiel, M A and 
		     Meijer, C J L M and Steenbergen, R D M},
 	title = { Increased gene copy number at chromosome 20q are frequent in 
		 both squamous cell carcinomas and adenocarcinomas of the cervix},
	journal = {The Journal of Pathology},
	year = {2006},
	volume = {209},
	pages = { 220-230}
}

@ARTICLE{Henken2007,
	author = {Henken, F E and Wilting, S M and Overmeer, R M and
		      Van Rietschoten, J G and Nygren, A O H and Errami, A and 
		      Schouten, J P and Meijer, C J L M and Snijders, P J F and 
		      Steenbergen, R D M},
	title = { Sequential gene promoter methylation during {HPV}-induced
		  cervical carcinogenesis.},
	journal = {British Journal of Cancer},
	year = {2007},
	volume = {97},
	pages = { 1457-1464}
}

@ARTICLE{Irizarry2003,
	author = {Irizarry, R A  and Hobbs, B and Collin, F and Beazer-Barclay, 
		      Y D and Antonellis, K J and Scherf, U and Speed, T P},
	title = { Exploration, normalization, and summaries of high density
		 oligonucleotide array probe level data},
	journal = {Biostatistics},
	year = {2003},
	volume = {4},
	pages = { 249-264}
}

@BOOK{Hastie1990,
	author = {Hastie, T J and Tibshirani, R J},
	title = { Generalized additive models},
	publisher = {CRC Press},
	year = {1990},
	address = {London}
}

@book{Sorensen2002,
	author = {Sorensen, D and Gianola, D},
	title = { Likelihood, {B}ayesian and {MCMC} methods in quantitative genetics},
	publisher = {Springer},
	year = {2002},
	address = {New York}
}

@ARTICLE{Angelini2007,
	author = {Angelini, C and De Canditiis, D and Mutarelli, M and Pensky, M},
	title = { A {B}ayesian approach to estimation and testing in time-course microarray
		 experiments},
	journal = {Statistical Applications in Genetics and Molecular Biology},
	year = {2007},
	volume = {6},
	pages = { 1-30}
}

@ARTICLE{Mutarelli2008,
	author = {Mutarelli, M and Cicatiello, L and Ferraro, L and Grober, O M V and Ravo, M
		      and Facchiano, A M and Angelini, C and Weisz, A},
	title = { Time-course analysis of genome-wide gene expression data from 
		 hormone-responisve human breast cancer cells},
	journal = {BMC Bioinformatics},
	year = {2008},
	volume = {9},
	pages = { S12}
}

@ARTICLE{Peel2000,
	author = {Peel, D and McLachlan, G J},
	title = { Robust mixture modeling using the t distribution},
	journal = {Statistics and Computing},
	year = {2000},
	volume = {10},
	pages = { 339-348}
}

@ARTICLE{Abramovich2006,
	author = {Abramovich, F and Angelini, C},
	title = { Bayesian {M}aximum a posteriori {M}ultiple {T}esting {P}rocedure},
	journal = {The Indian Journal of Statistics},
	year = {2006},
	volume = {68},
	pages = { 436-460}
}

%%%%%%%%%%%%%%%%%%%%%%%%%%%%%%%%%%%%%%%%%
%      Ridge estaimtion of the VAR(1) model 
%%%%%%%%%%%%%%%%%%%%%%%%%%%%%%%%%%%%%%%%%


@ARTICLE{Alon2003,
	author = {Alon, U},
	title = {Biological networks: the tinkerer as an engineer},
	journal = {Science},
	year = {2003},
	volume = {301},
	pages = {1866-1867}
}

@ARTICLE{Alon2007,
	author = {Alon, U},
	title = {Network motifs: theory and experimental approaches.},
	journal = {Nature Reviews Genetics},
	year = {2007},
	volume = {278},
	pages = {967-976}
}

@ARTICLE{Baxter2000,
	author = {Baxter, R C},
	title = {Insulin-like growth factor {(IGF)}-binding proteins: interactions
  with {IGF}s and intrinsic bioactivities.},
	journal = {American Journal of Physiology-Endocrinology and Metabolism},
	year = {2003},
	volume = {278},
	pages = {967-976}
}

@BOOK{Bickel2001,
	author = {Bickel, P J and Doksum, K A},
	title = {Mathematical Statistics},
	publisher = {Prentice Hall},
	year = {2001},
	address = {New Jersey}
}

@ARTICLE{Bilgrau2015,
	author = {Bilgrau, A E and Peeters, C F W and Eriksen, P S and B{\o}gsted, M and
  Van Wieringen, W N},
	title = {Targeted fused ridge estimation of inverse covariance matrices from
  multiple high-dimensional data classes},
	journal = {http://arxiv.org/pdf/1509.07982.pdf},
	year = {2015},
	volume = {1},
	pages = {1}
}

@BOOK{Cover2006,
	author = {Cover, T M and Thomas, J A},
	title = {Elements of Information Theory},
	publisher = {John Wiley},
	year = {2006},
	address = {New York}
}

@ARTICLE{Dahl2005,
	author = {Dahl, J and Roychowdhury, V and Vandenberghe, L},
	title = {Maximum likelihood estimation of {G}aussian graphical models:
  numerical implementation and topology selection.},
	journal = {Technical Report},
	year = {2005},
	volume = {1},
	pages = {1}
}

@ARTICLE{Dahlhaus2000,
	author = {Dahlhaus, R},
	title = {Graphical interaction models for multivariate time series.},
	journal = {Metrika},
	year = {2000},
	volume = {},
	pages = {}
}

@ARTICLE{Dahlhaus2003,
	author = {Dahlhaus, R and Eichler, M},
	title = {Causality and graphical models in time series analysis.},
	journal = {Oxford Statistical Science Series},
	year = {2003},
	volume = {1},
	pages = {115-137}
}

@ARTICLE{D'Ercole2001,
	author = {D'Ercole, A J and Calikoglu, A S},
	title = {The case of local versus endocrine {IGF-I} actions: the jury is still
  out.},
	journal = {Growth Hormone \& {IGF} Research},
	year = {2001},
	volume = {11},
	pages = {261-265}
}

@ARTICLE{Efron2004,
	author = {Efron, B},
	title = {Large-scale simultaneous hypothesis testing.},
	journal = {Journal of the American Statistical Association},
	year = {2004},
	volume = {99},
	pages = {465}
}

@ARTICLE{Edgar2002,
  title={Gene Expression Omnibus: NCBI gene expression and hybridization array data repository},
  author={Edgar, R and Domrachev, M and Lash, A E},
  journal={Nucleic acids research},
  volume={30},
  number={1},
  pages={207--210},
  year={2002},
  publisher={Oxford University Press}
}
@ARTICLE{Ernst2005,
	author = {Ernst, J and Nau, G J and Bar-Joseph, Z},
	title = {Clustering short time series gene expression data.},
	journal = {Bioinformatics},
	year = {2005},
	volume = {21},
	pages = {i159-i168}
}

@ARTICLE{Fan2001,
	author = {Fan, J and Li, R},
	title = {Variable selection via nonconcave penalized likelihood and its oracle
  properties.},
	journal = {Journal of the American Statistical Association},
	year = {2001},
	volume = {96},
	pages = {1348-1360}
}

@ARTICLE{Friedman2008,
	author = {Friedman, J and Hastie, T and Tibshirani, R},
	title = {Sparse inverse covariance estimation with the graphical lasso.},
	journal = {Biostatistics},
	year = {2008},
	volume = {9},
	pages = {432-441}
}

@ARTICLE{Geiger2007,
	author = {Geiger, T and Levitzki, A},
	title = {Loss of robustness and addiction to {IGF1} during early keratinocyte
  transformation by human papilloma virus 16},
	journal = {PloS One},
	year = {2007},
	volume = {2},
	pages = {605}
}

@BOOK{Hamilton1994,
	author = {Hamilton, J D},
	title = {Time Series Analysis},
	publisher = {Princeton University Press},
	year = {1994},
	address = {Princeton}
}

@BOOK{Harville2008,
	author = {Harville, D A},
	title = {Matrix Algebra From a Statistician's Perspective},
	publisher = {Springer},
	year = {2008},
	address = {New York}
}

@ARTICLE{Huber2002,
	author = {Huber, W and Von Heydebreck, A and S{\"u}ltmann, H and Poustka, A and Vingron, M},
	title = {Variance stabilization applied to microarray data calibration and to
  the quantification of differential expression.},
	journal = {Bioinformatics},
	year = {2002},
	volume = {18},
	pages = {S96-S104}
}

@ARTICLE{Jones2005,
	author = {Jones, B and West, M},
	title = {Covariance decomposition in undirected gaussian graphical models.},
	journal = {Biometrika},
	year = {2005},
	volume = {92},
	pages = {779-786}
}

@ARTICLE{Kanehisa2000,
	author = {Kanehisa, M and Goto, S},
	title = {{KEGG}: {K}yoto encyclopedia of genes and genomes.},
	journal = {Nucleic Acids Research},
	year = {2000},
	volume = {28},
	pages = {27-30}
}

@ARTICLE{Kodama2001,
	author = {Kodama, J and Hashimoto, I and Seki, N and Hongo, A and Yoshinouchi, M and Okuda, H and
  Kudo, T},
	title = {Thrombospondin-1 and-2 messenger {RNA} expression in invasive
  cervical cancer correlation with angiogenesis and prognosis.},
	journal = {Clinical Cancer Research},
	year = {2001},
	volume = {7},
	pages = {2826-2831}
}

@BOOK{Lauritzen1996,
	author = {Lauritzen, S L},
	title = {Graphical models},
	publisher = {Oxford University Press},
	year = {1996},
	address = {Oxford}
}

@BOOK{Lutkepohl2005,
	author = {L\"{u}tkepohl, H},
	title = {New Introduction to Multiple Time Series Analysis},
	publisher = {Springer},
	year = {2005},
	address = {Berlin}
}

@ARTICLE{Mersmann2014,
	author = {Mersmann, O},
	title = {microbenchmark: Accurate Timing Functions},
	journal = {CRAN},
	year = {2014},
	volume = {1.4-2},
	pages = {12}
}
@BOOK{Newman2010,
	author = {Newman, M},
	title = {Networks: An Introduction},
	publisher = {Oxford University Press},
	year = {2010},
	address = {Oxford}
}

@ARTICLE{Nicholls1988,
	author = {Nicholls, D F and Pope, A L},
	title = {Bias in the estimation of multivariate autoregressions.},
	journal = {Australian Journal of Statistics},
	year = {1988},
	volume = {30A},
	pages = {296-309}
}

@ARTICLE{Oberhofer1974,
	author = {Oberhofer, W. and Kmenta, J},
	title = {A general procedure for obtaining maximum likelihood estimates in
  generalized regression models.},
	journal = {Econometrica},
	year = {1974},
	volume = {42},
	pages = {579-590}
}

@ARTICLE{Strimmer2008,
	author = {Strimmer, K},
	title = {A unified approach to false discovery rate estimation.},
	journal = {BMC Bioinformatics},
	year = {2008},
	volume = {9},
	pages = {303}
}

@ARTICLE{ToussaintSmith2004,
	author = {Toussaint-Smith, E, Donner, D B, and Roman, A},
	title = {Expression of human papillomavirus type 16 {E6} and {E7} oncoproteins
  in primary foreskin keratinocytes is sufficient to alter the expression of
  angiogenic factors.},
	journal = {Oncogene},
	year = {2004},
	volume = {23},
	pages = {2988-2995}
}
@ARTICLE{Loan2000,
	author = {Van Loan, C F},
	title = {The ubiquitous kronecker product.},
	journal = {Journal of Computational and Applied Mathematics},
	year = {2000},
	volume = {123},
	pages = {85-100}
}

@ARTICLE{Wieringen2016,
	author = {Van Wieringen, W N. and Peeters, C F W},
	title = {Ridge estimation of the inverse covariance matrix from
  high-dimensional data.},
	journal = {Computational Statistics and Data Analysis},
	year = {2016},
	volume = {103},
	pages = {284-303}
}

@BOOK{Weinberg2006,
	author = {Weinberg, R A},
	title = {The Biology of Cancer},
	publisher = {Garland Science},
	year = {2006},
	address = {New York}
}

@BOOK{Whittaker1990,
	author = {Whittaker, J},
	title = {Graphical Models in Applied Multivariate Statistics},
	publisher = {John Wiley \& Sons},
	year = {1990},
	address = {Chichester, England}
}
@ARTICLE{Zellner1962,
	author = {Zellner, A},
	title = {An efficient method of estimating seemingly unrelated regressions and
  tests for aggregation bias.},
	journal = {Journal of the American Statistical Association},
	year = {1962},
	volume = {57},
	pages = {977-992}
}

%%%%%%%%%%%%%%%%%%%%%%%%%%%%%%%%%%%%%%%%%
%      Ridge estaimtion of the VAR(1) model 
%%%%%%%%%%%%%%%%%%%%%%%%%%%%%%%%%%%%%%%%%

@ARTICLE{Ferlay2015,
	author = {Ferlay, J and Soerjomataram, I and Dikshit, R and 
		      Eser, S and Mathers, C and Rebelo, M and 	
 		      Parkin, D M and Forman, D and Bray, F},
 	title = { Cancer incidence and mortality worldwide: sources, methods and 
                    major patterns in {GLOBOCAN} 2012},
	journal = {International Journal of Cancer},
	year = {2015},
	volume = {136},
	pages = {359-386}
}

@ARTICLE{Wilting2006,
	author = {Wilting, S M  and Snijders, P J F and Meijer, G A and Ylstra, B 
		      and  Van den Ijssel, P R and Snijders, A M and Albertson, D      
                           G and Coffa, J and Schouten, J P and Van de Wiel, M A and 
		     Meijer, C J L M and Steenbergen, R D M},
 	title = { Increased gene copy number at chromosome 20q are frequent in 
		 both squamous cell carcinomas and adenocarcinomas of the cervix},
	journal = {The Journal of Pathology},
	year = {2006},
	volume = {209},
	pages = { 220-230}
}

@ARTICLE{Henken2007,
	author = {Henken, F E and Wilting, S M and Overmeer, R M and
		      Van Rietschoten, J G and Nygren, A O H and Errami, A and 
		      Schouten, J P and Meijer, C J L M and Snijders, P J F and 
		      Steenbergen, R D M},
	title = { Sequential gene promoter methylation during {HPV}-induced
		  cervical carcinogenesis.},
	journal = {British Journal of Cancer},
	year = {2007},
	volume = {97},
	pages = { 1457-1464}
}


@article{Olshen2004,
  author={Olshen, A B and Venkatraman, E S and Lucito, R and Wigler, M},
  title={Circular binary segmentation for the analysis of array-based {DNA} copy number data},
  journal={Biostatistics},
  year={2004},
  volume={5},
  number={4},
  pages={557--572}
}


@article{Irizarry2003,
  title={Exploration, normalization, and summaries of high density oligonucleotide array probe level data},
  author={Irizarry, R A and Hobbs, B and Collin, F and Beazer-Barclay, Y D and Antonellis, K J and Scherf, U and Speed, T P and others},
  journal={Biostatistics},
  volume={4},
  number={2},
  pages={249--264},
  year={2003}
}

@article{Boldstad2003,
  title={A comparison of normalization methods for high density oligonucleotide array data based on bias and variance},
  author={Boldstad, B M and Irizarry, R A and Astrand, M and Speed, T P},
  journal={Bioinformatics},
  volume={19},
  number={2},
  pages={185--193},
  year={2003}
}

@article{Huber2002,
  title={Variance stabilization applied to microarray data calibration and to the quantification of differential expression},
  author={Huber, W and Von Heydebreck, A and S{\"u}ltmann, H and Poustka, A and Vingron, M},
  journal={Bioinformatics},
  volume={18},
  number={suppl 1},
  pages={S96--S104},
  year={2002},
  publisher={Oxford University Press}
}

@article{Dahlhaus2000,
  title={Graphical interaction models for multivariate time series},
  author={Dahlhaus, R},
  journal={Metrika},
  volume={51},
  number={2},
  pages={157--172},
  year={2000},
  publisher={Springer}
}

@book{Hamilton1994,
  title={Time series analysis},
  author={Hamilton, J D},
  year={1994},
  publisher={Princeton University Press}
}

@book{Lutkepohl2005,
  title={New introduction to multiple time series analysis},
  author={L{\"u}tkepohl, H},
  year={2005},
  publisher={Springer}
}

@article{Jones2005,
  title={Covariance decomposition in undirected {G}aussian graphical models},
  author={Jones, B and West, M},
  journal={Biometrika},
  volume={92},
  number={4},
  pages={779--786},
  year={2005},
  publisher={Biometrika Trust}
}

@article{Miok2017,
  title={Ridge estimation of the {VAR} (1) model and its time series chain graph from multivariate time-course omics data},
  author={Miok, V and Wilting, S M and van Wieringen, W N},
  journal={Biometrical Journal},
  volume={59},
  number={1},
  pages={172-191},
  year={2017},
  publisher={Wiley Online Library}
}

@article{Wieringen2016,
  title={Ridge estimation of inverse covariance matrices from high-dimensional data},
  author={van Wieringen, W N and Peeters, C F W},
  journal={Computational Statistics \& Data Analysis},
  volume={103},
  pages={284--303},
  year={2016},
  publisher={Elsevier}
}

 @Manual{Peeters2016,
    title = {rags2ridges: Ridge estimation of precision matrices from high-dimensional data},
    author = {Peeters, C F W and Van Wieringen, W N},
    year = {2016},
    note = {R package version 2.1.1},
  }

@book{Newman2010,
  title={Networks: an introduction},
  author={Newman, M},
  year={2010},
  publisher={Oxford University Press}
}

@article{Strimmer2008,
  title={A unified approach to false discovery rate estimation},
  author={Strimmer, K},
  journal={BMC Bioinformatics},
  volume={9},
  number={1},
  pages={303},
  year={2008},
  publisher={BioMed Central}
}


@article{Efron2004,
  title={Large-scale simultaneous hypothesis testing: the choice of a null hypothesis},
  author={Efron, B},
  journal={Journal of the American Statistical Association},
  volume={99},
  number={465},
  pages={96--104},
  year={2004},
  publisher={Taylor \& Francis}
}


@article{Alon2007,
  title={Network motifs: theory and experimental approaches},
  author={Alon, U},
  journal={Nature Reviews Genetics},
  volume={8},
  number={6},
  pages={450--461},
  year={2007},
  publisher={Nature Publishing Group}
}

@article{Kaplan2008,
  title={The incoherent feed-forward loop can generate non-monotonic input functions for genes},
  author={Kaplan, S and Bren, A and Dekel, E and Alon, U},
  journal={Molecular Systems Biology},
  volume={4},
  number={1},
  pages={203},
  year={2008},
  publisher={EMBO Press}
}

@article{Hsieh2015,
  title={Transcription factor and microRNA-regulated network motifs for cancer and signal transduction networks},
  author={Hsieh, W T and Tzeng, K R and Ciou, J S and Tsai, J J P and Kurubanjerdjit, N and Huang, C H and Ng, K L},
  journal={BMC Systems Biology},
  volume={9},
  number={Suppl 1},
  pages={S5},
  year={2015},
  publisher={BioMed Central Ltd}
}

@article{Goentoro2009,
  title={The incoherent feedforward loop can provide fold-change detection in gene regulation},
  author={Goentoro, L and Shoval, O and Kirschner, M W and Alon, U},
  journal={Molecular Cell},
  volume={36},
  number={5},
  pages={894--899},
  year={2009},
  publisher={Elsevier}
}

@article{Villa1991,
  title={Differences in transformation activity between {HPV}-18 and {HPV}-16 map to the viral {LCR}-{E}6-{E}7 region},
  author={Villa, L L and Schlegel, R},
  journal={Virology},
  volume={181},
  number={1},
  pages={374--377},
  year={1991},
  publisher={Elsevier}
}

@book{Heinen2003,
  title={Multivariate modelling of time series count data: an autoregressive conditional {P}oisson model},
  author={Heinen, A and Rengifo, E and others},
  year={2003},
  publisher={Universite Catholique de Louvain}
}

@book{Kantz2004,
  title={Nonlinear time series analysis},
  author={Kantz, H and Schreiber, T},
  volume={7},
  year={2004},
  publisher={Cambridge University Press}
}

@article{Band1990,
  title={Human papilloma virus {DNA}s immortalize normal human mammary epithelial cells and reduce their growth factor requirements},
  author={Band, V and Zajchowski, D and Kulesa, V and Sager, R},
  journal={Proceedings of the National Academy of Sciences},
  volume={87},
  number={1},
  pages={463--467},
  year={1990},
  publisher={National Academy Sciences}
}

@article{Durst1987,
  title={Molecular and cytogenetic analysis of immortalized human primary keratinocytes obtained after transfection with human papillomavirus type 16 {DNA}},
  author={D{\"u}rst, M and Dzarlieva-Petrusevska, RT and Boukamp, P and Fusenig, N E and Gissmann, L},
  journal={Oncogene},
  volume={1},
  number={3},
  pages={251--256},
  year={1987}
}

@article{Park1991,
  title={Immortalization of normal human oral keratinocytes with type 16 human papillomavirus},
  author={Park, N H and Min, B M and Li, S L and Huang, M Z and Doniger, J},
  journal={Carcinogenesis},
  volume={12},
  number={9},
  pages={1627--1631},
  year={1991},
  publisher={Oxford University Press}
}

@article{Pecoraro1989,
  title={Differential effects of human papillomavirus type 6, 16, and 18 {DNA}s on immortalization and transformation of human cervical epithelial cells},
  author={Pecoraro, G and Morgan, D and Defendi, V},
  journal={Proceedings of the National Academy of Sciences},
  volume={86},
  number={2},
  pages={563--567},
  year={1989},
  publisher={National Academy Sciences}
}

@article{Pirisi1987,
  title={Transformation of human fibroblasts and keratinocytes with human papillomavirus type 16 {DNA}.},
  author={Pirisi, L and Yasumoto, S and Feller, M and Doniger, J and DiPaolo, J A},
  journal={Journal of Virology},
  volume={61},
  number={4},
  pages={1061--1066},
  year={1987},
  publisher={American Society for Microbiology}
}

@article{Willey1991,
  title={Immortalization of normal human bronchial epithelial cells by human papillomaviruses 16 or 18},
  author={Willey, J C and Broussoud, A and Sleemi, A and Bennett, W P and Cerutti, P and Harris, C C},
  journal={Cancer Research},
  volume={51},
  number={19},
  pages={5370--5377},
  year={1991},
  publisher={AACR}
}

@article{Schutze2014,
  title={Differential In Vitro Immortalization Capacity of Eleven, Probable High-Risk Human Papillomavirus Types},
  author={Sch{\"u}tze, D M and Snijders, P J F and Bosch, L and Kramer, D and Meijer, C J L M and Steenbergen, R D M},
  journal={Journal of Virology},
  volume={88},
  number={3},
  pages={1714--1724},
  year={2014},
  publisher={American Society for Microbiology}
}

@article{Schutze2016,
  title={Immortalization capacity of {HPV} types is inversely related to chromosomal instability},
  author={Sch{\"u}tze, D M and Krijgsman, O and Snijders, P J F and Ylstra, B and Weischenfeldt, J and Mardin, B R and St{\"u}tz, A M and Korbel, J O and de Winter, J P and Meijer, C J L M and others},
  journal={Oncotarget},
  volume={7},
  number={25},
  pages={37608},
  year={2016},
  publisher={Impact Journals, LLC}
}

@article{Pirisi1987,
  title={Transformation of human fibroblasts and keratinocytes with human papillomavirus type 16 {DNA}},
  author={Pirisi, L and Yasumoto, S and Feller, M and Doniger, J and DiPaolo, J A},
  journal={Journal of Virology},
  volume={61},
  number={4},
  pages={1061--1066},
  year={1987},
  publisher={American Society for Microbiology}
}

@article{Wieringen2015,
  title={Transcriptomic Heterogeneity in Cancer as a Consequence of Dysregulation of the Gene-Gene Interaction Network},
  author={Van Wieringen, W N and van der Vaart, A W},
  journal={Bulletin of Mathematical Biology},
  volume={77},
  number={9},
  pages={1768--1786},
  year={2015},
  publisher={Springer}
}

%%%%%%%%%%%%%%%%%%%%%%%%%%%%%%%%%%%%%%%%%
%      Oncotarget paper 
%%%%%%%%%%%%%%%%%%%%%%%%%%%%%%%%%%%%%%%%%

@article{Doorbar2006,
  title={Molecular biology of human papillomavirus infection and cervical cancer},
  author={Doorbar, J},
  journal={Clinical Science},
  year={2006},
  volume={110},
  pages={525-541}
}

@article{Chen1993,
  title={Genetic analysis of in vitro progression of human papillomavirus-transfected human cervical cells},
  author={Chen, T M and Pecoraro, G and Defendi, V},
  journal={Cancer Research},
  year={1993},
  volume={53},
  pages={1167-1171}
}

@article{Schutze2014,
  title={Differential in vitro immortalization capacity of eleven, probable high-risk human papillomavirus types},
  author={Sch{\"u}tze, D M and Snijders, P J F and Bosch, L and Kramer, D and Meijer, C J L M and Steenbergen, R D M},
  journal={Journal of Virology},
  year={2014},
  volume={88},
  pages={1714-1724}
}

@article{Freedman1974,
  title={Cellular tumorigenicity in nude mice: correlation with cell growth in semi-solid medium},
  author={Freedman, V H and Shin, S},
  journal={Cell},
  year={1974},
  volume={3},
  pages={355-359}
}

@article{Mori2009,
  title={Anchorage-independent cell growth signature identifies tumors with metastatic potential},
  author={Mori, S and Chang, J T and Andrechek, E R and Matsumura, N and Baba, T and Yao, G and Kim, J W and Gatza, M and Murphy, S and Nevins, J R},
  journal={Oncogene},
  year={2009},
  volume={28},
  pages={2796-2805}
}

@article{Guadamillas2011,
  title={Overcoming anoikis pathways to anchorage-independent growth in cancer},
  author={Guadamillas, M C and Cerezo, A and del Pozo, M A},
  journal={Journal of Cell Science},
  year={2011},
  volume={124},
  pages={3189-3197}
}

@article{Khalifa2011,
  title={The human papillomavirus {E}6 oncogene represses a cell adhesion pathway and disrupts focal adhesion through degradation of {TA}p63$\beta$ upon transformation},
  author={Khalifa, Y B and Teissier, S and Tan, M K M and Phan, Q T and Daynac, M and Wong, W Q and Thierry, F},
  journal={PLoS Pathology},
  year={2011},
  volume={7},
  pages={e1002256}
}

@article{Kamio2004,
  title={{SOC1} inhibits {HPV}-{E}7-mediated transformation by inducing degradation of {E}7 protein},
  author={Kamio, M and Yoshida, T and Ogata, H and Douchi, T and Nagata, Y and Inoue, M and Hasegawa, M and Yonemitsu, Y and Yoshimura, A},
  journal={Oncogene},
  year={2004},
  volume={23},
  pages={3107-3115}
}

@article{Overmeer2009,
  title={Repression of MAL tumour suppressor activity by promoter methylation during cervical carcinogenesis},
  author={Overmeer, R M and Henken, F E and Bierkens, M and Wilting, S M and Timmerman, I and Meijer, C J L M and Snijders, P J F and Steenbergen, R D M},
  journal={The Journal of Pathology},
  volume={219},
  number={3},
  pages={327--336},
  year={2009},
  publisher={Wiley Online Library}
}

@article{Mack2013,
  title={The {LKB1} tumor suppressor differentially affects anchorage independent growth of {HPV} positive cervical cancer cell lines},
  author={Mack, H I D and Munger, K},
  journal={Virology},
  year={2013},
  volume={446},
  pages={9-16}
}

@article{Razani2000,
  title={Caveolin-1 expression is down-regulated in cells transformed by the human papilloma virus in a p53-dependent manner. {R}eplacement of caveolin-1 expression suppresses {HPV}-mediated cell transformation},
  author={Razani, B and Altschuler, Y and Zhu, L and Pestell, R G and Mostov, K E and Lisanti, M P},
  journal={Biochemistry},
  year={2000},
  volume={39},
  pages={13916-13924}
}

@article{Wilting2013,
  title={Methylation-mediated transcriptional repression of micro{RNA}s during cervical carcinogenesis},
  author={Wilting, S M and Verlaat, W and Jaspers, A and Makazaji, N A and Agami, R and Meijer, C J L M and Snijders, P J F and Steenbergen, R D M},
  journal={Epigenetics},
  year={2013},
  volume={8},
  pages={220-228}
}

@article{Lopez2011,
  title={Differential effects of mi{R}-34c-3p and mi{R}-34c-5p on {S}i{H}a cells proliferation apoptosis, migration and invasion},
  author={L{\'o}pez, J A and Alvarez-Salas, L M},
  journal={Biochemical and Biophysical Research Communications},
  year={2011},
  volume={409},
  pages={513-519}
}

@article{Steenbergen2014,
  title={Clinical implications of (epi) genetic changes in {HPV}-induced cervical precancerous lesions},
  author={Steenbergen, R D M and Snijders, P J F and Heideman, D A M and Meijer, C J L M},
  journal={Nature Reviews Cancer},
  year={2014},
  volume={14},
  pages={395-405}
}

@article{Szalmas2009,
  title={Epigenetic alterations in cervical carcinogenesis},
  author={Szalm{\'a}s, A and K{\'o}nya, J},
  booktitle={Seminars in Cancer Biology},
  year={2009},
  volume={19},
  pages={144-152}
}

@article{Wentzensen2009,
  title={Utility of methylation markers in cervical cancer early detection: appraisal of the state-of-the-science},
  author={Wentzensen, N and Sherman, M E and Schiffman, M and Wang, S S},
  journal={Gynecologic Oncology},
  year={2009},
  volume={112},
  pages={293-299}
}

@article{Botezatu2011,
  title={Quantitative analysis of the relationship between micro{RNA}-124a,-34b and-203 gene methylation and cervical oncogenesis},
  author={Botezatu, A and Goia-Rusanu, C D and Iancu, I V and Huica, I and Plesa, A and Socolov, D and Ungureanu, C and Anton, G},
  journal={Molecular Medicine Reports},
  year={2011},
  volume={4},
  pages={121-8}
}



%%%%%%%%%%%%%%%%%%%%%%%%%%%%%%%%%%%%%%%%%%%%%%%%%%%%%%%%%%%%%%


@article{Soto2012,
  title={Disruption of {CTCF} at the mi{R}-125b1 locus in gynecological cancers},
  author={Soto-Reyes, Ernesto and Gonz{\'a}lez-Barrios, Rodrigo and Cisneros-Soberanis, Fernanda and Herrera-Goepfert, Roberto and P{\'e}rez, V{\'\i}ctor and Cant{\'u}, David and Prada, Diddier and Castro, Clementina and Recillas-Targa, F{\'e}lix and Herrera, Luis A},
  journal={BMC Cancer},
  volume={12},
  number={1},
  pages={1},
  year={2012},
  publisher={BioMed Central}
}


@article{Wang2013,
  title={Mi{R}-214 reduces cell survival and enhances cisplatin-induced cytotoxicity via down-regulation of {B}cl2l2 in cervical cancer cells},
  author={Wang, Fang and Liu, Min and Li, Xin and Tang, Hua},
  journal={FEBS Letters},
  volume={587},
  number={5},
  pages={488--495},
  year={2013},
  publisher={Wiley Online Library}
}


@article{Wilting2010,
  title={Methylation-mediated silencing and tumour suppressive function of hsa-mi{R}-124 in cervical cancer},
  author={Wilting, Saskia M and van Boerdonk, Robert A A and Henken, Florianne E and Meijer, Chris J L M and Diosdado, Bego{\v{n}}a and Meijer, Gerrit A and le Sage, Carlos and Agami, Reuven and Snijders, Peter J F and Steenbergen, Renske D M},
  journal={Molecular Cancer},
  volume={9},
  number={1},
  pages={1},
  year={2010},
  publisher={BioMed Central}
}

@article{Yao2013,
  title={Exploration of tumor-suppressive micro{RNA}s silenced by {DNA} hypermethylation in cervical cancer},
  author={Yao, Tingting and Rao, Qunxian and Liu, Longyang and Zheng, Chengyu and Xie, Qingsheng and Liang, Jinxiao and Lin, Zhongqiu},
  journal={Virology Journal},
  volume={10},
  number={1},
  pages={1},
  year={2013},
  publisher={BioMed Central}
}

@article{Zhu2013,
  title={mi{R}-203 suppresses tumor growth and angiogenesis by targeting {VEGFA} in cervical cancer},
  author={Zhu, Xiangyu and Er, Kejun and Mao, Caiying and Yan, Qi and Xu, Haijun and Zhang, Yuanbei and Zhu, Jianhong and Cui, Fang and Zhao, Wenxia and Shi, Hong},
  journal={Cellular Physiology and Biochemistry},
  volume={32},
  number={1},
  pages={64--73},
  year={2013},
  publisher={Karger Publishers}
}

@article{Steenbergen1996,
  title={Transition of human papillomavirus type 16 and 18 transfected human foreskin keratinocytes towards immortality: activation of telomerase and allele losses at 3p, 10p, 11q and/or 18q},
  author={Steenbergen, Renske D M and Walboomers, Jan M M and Meijer, C J L M and Van der Raaij-Helmer, E M H and Parker, Jacqueline N and Chow, Louise T and Broker, Thomas R and Snijders, Peter J F},
  journal={Oncogene},
  volume={13},
  number={6},
  pages={1249--1258},
  year={1996},
  publisher={Basingstoke, Hampshire, UK: Scientific \& Medical Division, Macmillan Press, c1987-}
}


@article{Monti2003,
  title={Consensus clustering: a resampling-based method for class discovery and visualization of gene expression microarray data},
  author={Monti, Stefano and Tamayo, Pablo and Mesirov, Jill and Golub, Todd},
  journal={Machine Learning},
  volume={52},
  number={1-2},
  pages={91--118},
  year={2003},
  publisher={Springer}
}

@article{Eads2000,
  title={Methy{L}ight: a high-throughput assay to measure {DNA} methylation},
  author={Eads, Cindy A and Danenberg, Kathleen D and Kawakami, Kazuyuki and Saltz, Leonard B and Blake, Corey and Shibata, Darryl and Danenberg, Peter V and Laird, Peter W},
  journal={Nucleic Acids Research},
  volume={28},
  number={8},
  pages={e32--00},
  year={2000},
  publisher={Oxford University Press}
}

@article{Kristensen2009,
  title={P{CR}-based methods for detecting single-locus {DNA} methylation biomarkers in cancer diagnostics, prognostics, and response to treatment},
  author={Kristensen, Lasse Sommer and Hansen, Lise Lotte},
  journal={Clinical Chemistry},
  volume={55},
  number={8},
  pages={1471--1483},
  year={2009},
  publisher={Am Assoc Clin Chem}
}

@article{Brenet2011,
  title={D{NA} methylation of the first exon is tightly linked to transcriptional silencing},
  author={Brenet, Fabienne and Moh, Michelle and Funk, Patricia and Feierstein, Erika and Viale, Agnes J and Socci, Nicholas D and Scandura, Joseph M},
  journal={PloS One},
  volume={6},
  number={1},
  pages={e14524},
  year={2011},
  publisher={Public Library of Science}
}

@article{Lujambio2008,
  title={A micro{RNA} {DNA} methylation signature for human cancer metastasis},
  author={Lujambio, Amaia and Calin, George A and Villanueva, Alberto and Ropero, Santiago and S{\'a}nchez-C{\'e}spedes, Montserrat and Blanco, David and Montuenga, Luis M and Rossi, Simona and Nicoloso, Milena S and Faller, William J and others},
  journal={Proceedings of the National Academy of Sciences},
  volume={105},
  number={36},
  pages={13556--13561},
  year={2008},
  publisher={National Academy Sciences}
}

@article{Anwar2013,
  title={Concordant hypermethylation of intergenic micro{RNA} genes in human hepatocellular carcinoma as new diagnostic and prognostic marker},
  author={Anwar, Sumadi Lukman and Albat, Cord and Krech, Till and Hasemeier, Britta and Schipper, Elisa and Schweitzer, Nora and Vogel, Arndt and Kreipe, Hans and Lehmann, Ulrich},
  journal={International Journal of Cancer},
  volume={133},
  number={3},
  pages={660--670},
  year={2013},
  publisher={Wiley Online Library}
}

@article{Bandres2009,
  title={Epigenetic regulation of micro{RNA} expression in colorectal cancer},
  author={Bandres, Eva and Agirre, Xabier and Bitarte, Nerea and Ramirez, Natalia and Zarate, Ruth and Roman-Gomez, Jose and Prosper, Felipe and Garcia-Foncillas, Jesus},
  journal={International Journal of Cancer},
  volume={125},
  number={11},
  pages={2737--2743},
  year={2009},
  publisher={Wiley Online Library}
}

@article{Chen2012,
  title={Cp{G} island methylation status of mi{RNA}s in esophageal squamous cell carcinoma},
  author={Chen, Xuedan and Hu, Huamei and Guan, Xingying and Xiong, Gang and Wang, Yan and Wang, Kai and Li, Juan and Xu, Xueqing and Yang, Kang and Bai, Yun},
  journal={International Journal of Cancer},
  volume={130},
  number={7},
  pages={1607--1613},
  year={2012},
  publisher={Wiley Online Library}
}

@article{Chen2013,
  title={Methylation-mediated repression of micro{RNA} 129-2 enhances oncogenic {SOX}4 expression in {HCC}},
  author={Chen, Xiangmei and Zhang, Ling and Zhang, Ting and Hao, Meili and Zhang, Xiaolei and Zhang, Jiangbo and Xie, Qing and Wang, Yongfeng and Guo, Mingzhou and Zhuang, Hui and others},
  journal={Liver International},
  volume={33},
  number={3},
  pages={476--486},
  year={2013},
  publisher={Wiley Online Library}
}

@article{Huang2009,
  title={Epigenetic repression of micro{RNA}-129-2 leads to overexpression of {SOX}4 oncogene in endometrial cancer},
  author={Huang, Y W and Liu, J C and Deatherage, D E and Luo, J and Mutch, D G and Goodfellow, P J and Miller, D S and Huang, T H M},
  journal={Cancer Research},
  volume={69},
  number={23},
  pages={9038--9046},
  year={2009},
  publisher={AACR}
}

@article{Long2015,
  title={Demethylation-mediated mi{R}-129-5p up-regulation inhibits malignant phenotype of osteogenic osteosarcoma by targeting Homo sapiens valosin-containing protein ({VCP})},
  author={Long, X H and Zhou, Y F and Peng, A F and Zhang, Z H and Chen, X Y and Chen, W Z and Liu, J M and Huang, S H and Liu, Z L},
  journal={Tumor Biology},
  volume={36},
  number={5},
  pages={3799--3806},
  year={2015},
  publisher={Springer}
}

@article{Lu2013,
  title={Frequent {DNA} methylation of mi{R}-129-2 and its potential clinical implication in hepatocellular carcinoma},
  author={Lu, C Y and Lin, K Y and Tien, M T and Wu, C T and Uen, Y H and Tseng, T L},
  journal={Genes, Chromosomes and Cancer},
  volume={52},
  number={7},
  pages={636--643},
  year={2013},
  publisher={Wiley Online Library}
}

@article{Shen2010,
  title={Epigenetic repression of micro{RNA}-129-2 leads to overexpression of {SOX}4 in gastric cancer},
  author={Shen, Ruizhe and Pan, Shen and Qi, Shengjian and Lin, Xiaolin and Cheng, Shidan},
  journal={Biochemical and Biophysical Research Communications},
  volume={394},
  number={4},
  pages={1047--1052},
  year={2010},
  publisher={Elsevier}
}

@article{Tsai2011,
  title={Epigenetic regulation of mi{R}-34b and mi{R}-129 expression in gastric cancer},
  author={Tsai, K W and Wu, C W and Hu, L Y and Li, S C and Liao, Y L and Lai, C H and Kao, H W and Fang, W L and Huang, K H and Chan, W C and others},
  journal={International Journal of Cancer},
  volume={129},
  number={11},
  pages={2600--2610},
  year={2011},
  publisher={Wiley Online Library}
}

@article{Zhang2013,
  title={Interferon-$\beta$ induced micro{RNA}-129-5p down-regulates {HPV}-18 {E}6 and {E}7 viral gene expression by targeting {SP}1 in cervical cancer cells},
  author={Zhang, Jiarong and Li, Shuangdi and Yan, Qin and Chen, Xiaoyue and Yang, Yixia and Liu, Xuelian and Wan, Xiaoping},
  journal={PLoS One},
  volume={8},
  number={12},
  pages={e81366},
  year={2013},
  publisher={Public Library of Science}
}

@article{Dyrskjot2009,
  title={Genomic profiling of micro{RNA}s in bladder cancer: mi{R}-129 is associated with poor outcome and promotes cell death in vitro},
  author={Dyrskj{\o}t, Lars and Ostenfeld, Marie S and Bramsen, Jesper B and Silahtaroglu, Asli N and Lamy, Philippe and Ramanathan, Ramshanker and Fristrup, Niels and Jensen, Jens L and Andersen, Claus L and Zieger, Karsten and others},
  journal={Cancer Research},
  volume={69},
  number={11},
  pages={4851--4860},
  year={2009},
  publisher={AACR}
}

@article{Chen2014,
  title={mi{R}-129-3p, as a diagnostic and prognostic biomarker for renal cell carcinoma, attenuates cell migration and invasion via downregulating multiple metastasis-related genes},
  author={Chen, Xuanyu and Ruan, Anming and Wang, Xuegang and Han, Weiwei and Wang, Rong and Lou, Ning and Ruan, Hailong and Qiu, Bin and Yang, Hongmei and Zhang, Xiaoping},
  journal={Journal of Cancer Research and Clinical Oncology},
  volume={140},
  number={8},
  pages={1295--1304},
  year={2014},
  publisher={Springer}
}

@article{Mccormack1997,
  title={Activation of the focal adhesion kinase signal transduction pathway in cervical carcinoma cell lines and human genital epithelial cells immortalized with human papillomavirus type 18.},
  author={McCormack, Stephen J and Brazinski, Scott E and Moore Jr, James L and Werness, Bruce A and Goldstein, David J},
  journal={Oncogene},
  volume={15},
  number={3},
  year={1997}
}

@article{Schwock2009,
  title={Targeting focal adhesion kinase with dominant-negative {FRNK} or {H}sp90 inhibitor 17-{DMAG} suppresses tumor growth and metastasis of {S}i{H}a cervical xenografts},
  author={Schwock, Joerg and Dhani, Neesha and Cao, Mary P J and Zheng, Jinzi and Clarkson, Richard and Radulovich, Nikolina and Navab, Roya and Horn, Lars-Christian and Hedley, David W},
  journal={Cancer Research},
  volume={69},
  number={11},
  pages={4750--4759},
  year={2009},
  publisher={AACR}
}

@article{Srivastava2015,
  title={p63 drives invasion in keratinocytes expressing {HPV}16 {E}6/{E}7 genes through regulation of {S}rc-{FAK} signalling.},
  author={Srivastava, Kirtiman and Pickard, Adam and McDade, Simon and McCance, Dennis J},
  journal={Oncotarget},
  year={2015}
}

@article{Balaguer2010,
  title={Epigenetic silencing of mi{R}-137 is an early event in colorectal carcinogenesis},
  author={Balaguer, Francesc and Link, Alexander and Lozano, Juan Jose and Cuatrecasas, Miriam and Nagasaka, Takeshi and Boland, C Richard and Goel, Ajay},
  journal={Cancer Research},
  volume={70},
  number={16},
  pages={6609--6618},
  year={2010},
  publisher={AACR}
}

@article{Bier2013,
  title={Micro{RNA}-137 is downregulated in glioblastoma and inhibits the stemness of glioma stem cells by targeting {RTVP}-1},
  author={Bier, Ariel and Giladi, Nis and Kronfeld, Noam and Lee, Hae Kyung and Cazacu, Simona and Finniss, Susan and Xiang, Cunli and Poisson, Laila and others},
  journal={Oncotarget},
  volume={4},
  number={5},
  pages={665},
  year={2013},
  publisher={Impact Journals, LLC}
}

@article{Chen2011,
  title={mi{R}-137 is frequently down-regulated in gastric cancer and is a negative regulator of {C}dc42},
  author={Chen, Qingjiang and Chen, Xiaobing and Zhang, Mingzhi and Fan, Qingxia and Luo, Suxia and Cao, Xinguang},
  journal={Digestive Diseases and Sciences},
  volume={56},
  number={7},
  pages={2009--2016},
  year={2011},
  publisher={Springer}
}

@article{Du2012,
  title={Characterization of human gastric carcinoma-related methylation of 9 mi{R} {C}p{G} islands and repression of their expressions in vitro and in vivo},
  author={Du, Yantao and Liu, Zhaojun and Gu, Liankun and Zhou, Jing and Zhu, Bu-dong and Ji, Jiafu and Deng, Dajun},
  journal={BMC Cancer},
  volume={12},
  number={1},
  pages={1},
  year={2012},
  publisher={BioMed Central}
}

@article{Kozaki2008,
  title={Exploration of tumor-suppressive micro{RNA}s silenced by {DNA} hypermethylation in oral cancer},
  author={Kozaki, K and Imoto, Issei and Mogi, Seiki and Omura, Ken and Inazawa, Johji},
  journal={Cancer Research},
  volume={68},
  number={7},
  pages={2094--2105},
  year={2008},
  publisher={AACR}
}

@article{Langevin2010,
  title={Micro{RNA}-137 promoter methylation in oral rinses from patients with squamous cell carcinoma of the head and neck is associated with gender and body mass index},
  author={Langevin, Scott M and Stone, Roslyn A and Bunker, Clareann H and Grandis, Jennifer R and Sobol, Robert W and Taioli, Emanuela},
  journal={Carcinogenesis},
  volume={31},
  number={5},
  pages={864--870},
  year={2010},
  publisher={Oxford Univ Press}
}

@article{Langevin2011,
  title={Micro{RNA}-137 promoter methylation is associated with poorer overall survival in patients with squamous cell carcinoma of the head and neck},
  author={Langevin, Scott M and Stone, Roslyn A and Bunker, Clareann H and Lyons-Weiler, Maureen A and LaFramboise, William A and Kelly, Lori and Seethala, Raja R and Grandis, Jennifer R and Sobol, Robert W and Taioli, Emanuela},
  journal={Cancer},
  volume={117},
  number={7},
  pages={1454--1462},
  year={2011},
  publisher={Wiley Online Library}
}

@article{Shimizu2013,
  title={Methylation of a panel of micro{RNA} genes is a novel biomarker for detection of bladder cancer},
  author={Shimizu, Takashi and Suzuki, Hiromu and Nojima, Masanori and Kitamura, Hiroshi and Yamamoto, Eiichiro and Maruyama, Reo and Ashida, Masami and Hatahira, Tomo and Kai, Masahiro and Masumori, Naoya and others},
  journal={European Urology},
  volume={63},
  number={6},
  pages={1091--1100},
  year={2013},
  publisher={Elsevier}
}

@article{Steponaitiene2015,
  title={Epigenetic silencing of mi{R}-137 is a frequent event in gastric carcinogenesis},
  author={Steponaitiene, Ruta and Kupcinskas, Juozas and Langner, Cosima and Balaguer, Francesc and Venclauskas, Linas and Pauzas, Henrikas and Tamelis, Algimantas and Skieceviciene, Jurgita and Kupcinskas, Limas and Malfertheiner, Peter and others},
  journal={Molecular Carcinogenesis},
  year={2015},
  publisher={Wiley Online Library}
}

@article{Takwi2014,
  title={mi{R}-137 regulates the constitutive androstane receptor and modulates doxorubicin sensitivity in parental and doxorubicin-resistant neuroblastoma cells},
  author={Takwi, A A and Wang, Y M and Wu, J and Michaelis, M and Cinatl, J and Chen, T},
  journal={Oncogene},
  volume={33},
  number={28},
  pages={3717--3729},
  year={2014},
  publisher={Nature Publishing Group}
}

@article{Vrba2013,
  title={mi{RNA} gene promoters are frequent targets of aberrant {DNA} methylation in human breast cancer},
  author={Vrba, Lukas and Mu{\~n}oz-Rodr{\'\i}guez, Jos{\'e} L and Stampfer, Martha R and Futscher, Bernard W},
  journal={PloS One},
  volume={8},
  number={1},
  pages={e54398},
  year={2013},
  publisher={Public Library of Science}
}

@article{Wiklund2011,
  title={Micro{RNA} alterations and associated aberrant {DNA} methylation patterns across multiple sample types in oral squamous cell carcinoma},
  author={Wiklund, Erik D and Gao, Shan and Hulf, Toby and Sibbritt, Tennille and Nair, Shalima and Costea, Daniela Elena and Villadsen, Sune B and Bakholdt, Vivi and Bramsen, Jesper B and S{\o}rensen, Jens A and others},
  journal={PLoS One},
  volume={6},
  number={11},
  pages={e27840},
  year={2011},
  publisher={Public Library of Science}
}

@article{Silber2008,
  title={mi{R}-124 and mi{R}-137 inhibit proliferation of glioblastoma multiforme cells and induce differentiation of brain tumor stem cells},
  author={Silber, Joachim and Lim, Daniel A and Petritsch, Claudia and Persson, Anders I and Maunakea, Alika K and Yu, Mamie and Vandenberg, Scott R and Ginzinger, David G and James, C David and Costello, Joseph F and others},
  journal={BMC Medicine},
  volume={6},
  number={1},
  pages={1},
  year={2008},
  publisher={BioMed Central}
}

@article{Zhu2013,
  title={mi{R}-137 inhibits the proliferation of lung cancer cells by targeting {C}dc42 and {C}dk6},
  author={Zhu, Xiaolan and Li, Yuefeng and Shen, Huiling and Li, Hao and Long, Lulu and Hui, Lulu and Xu, Wenlin},
  journal={FEBS Letters},
  volume={587},
  number={1},
  pages={73-81},
  year={2013},
  publisher={Wiley Online Library}
}

@article{Ruiz2015,
  title={Dock10, a {C}dc42 and {R}ac1 {GEF}, induces loss of elongation, filopodia, and ruffles in cervical cancer epithelial {H}e{L}a cells},
  author={Ruiz-Lafuente, N and Alcaraz-Garc{\'\i}a, M J and Garc{\'\i}a-Serna, A M and Sebasti{\'a}n-Ruiz, S and Moya-Quiles, M R and Garc{\'\i}a-Alonso, A M and Parrado, A},
  journal={Biology Open},
  volume={4},
  number={5},
  pages={627-635},
  year={2015},
  publisher={The Company of Biologists Ltd}
}

@article{Ye2015,
  title={Cdc42 expression in cervical cancer and its effects on cervical tumor invasion and migration},
  author={Ye, Hongnan and Zhang, Youyi and Geng, Li and Li, Zijian},
  journal={International Journal of Oncology},
  volume={46},
  number={2},
  pages={757-763},
  year={2015},
  publisher={Spandidos Publications}
}

@article{Genovesi2011,
  title={Integrated analysis of mi{RNA} and m{RNA} expression in childhood medulloblastoma compared with neural stem cells},
  author={Genovesi, Laura A and Carter, Kim W and Gottardo, Nicholas G and Giles, Keith M and Dallas, Peter B},
  journal={PloS One},
  volume={6},
  number={9},
  pages={e23935},
  year={2011},
  publisher={Public Library of Science}
}

@article{Sand2013,
  title={Comparative microarray analysis of micro{RNA} expression profiles in primary cutaneous malignant melanoma, cutaneous malignant melanoma metastases, and benign melanocytic nevi},
  author={Sand, Michael and Skrygan, Marina and Sand, Daniel and Georgas, Dimitrios and Gambichler, Thilo and Hahn, Stephan A and Altmeyer, Peter and Bechara, Falk G},
  journal={Cell and Tissue Research},
  volume={351},
  number={1},
  pages={85-98},
  year={2013},
  publisher={Springer}
}

@article{Wilting2016,
  title={Molecular events leading to {HPV}-induced high grade neoplasia},
  author={Wilting, Saskia M and Steenbergen, Renske D M},
  journal={Papillomavirus Research},
  volume={2},
  pages={85-88},
  year={2016},
  publisher={Elsevier}
}

@article{Steenbergen2001,
  title={Telomerase suppression by chromosome 6 in a human papillomavirus type 16-immortalized keratinocyte cell line and in a cervical cancer cell line},
  author={Steenbergen, Renske D M and Kramer, Debbie and Meijer, Chris J L M and Walboomers, Jan M M and Trott, Deborah A and Cuthbert, Andrew P and Newbold, Robert F and Overkamp, Wilhelmina J I and Zdzienicka, Malgorzata Z and Snijders, Peter J F},
  journal={Journal of the National Cancer Institute},
  volume={93},
  number={11},
  pages={865--872},
  year={2001},
  publisher={Oxford University Press}
}

@article{Jacobs1997,
  title={A general primer {GP5}+/{GP6} (+)-mediated {PCR}-enzyme immunoassay method for rapid detection of 14 high-risk and 6 low-risk human papillomavirus genotypes in cervical scrapings.},
  author={Jacobs, Marcel V and Snijders, P J and Van Den Brule, A J and Helmerhorst, T J and Meijer, C J and Walboomers, J M},
  journal={Journal of Clinical Microbiology},
  volume={35},
  number={3},
  pages={791--795},
  year={1997},
  publisher={American Society for Microbiology}
}

@article{VanZeeburg2005,
  title={Generation and molecular characterization of head and neck squamous cell lines of fanconi anemia patients},
  author={Van Zeeburg, Hester J T and Snijders, Peter J F and Pals, Gerard and Hermsen, Mario AJA and Rooimans, Martin A and Bagby, Grover and Soulier, Jean and Gluckman, Eliane and Wennerberg, Johan and Leemans, C Ren{\'e} and others},
  journal={Cancer Research},
  volume={65},
  number={4},
  pages={1271--1276},
  year={2005},
  publisher={AACR}
}

@article{Huber2002,
  title={Variance stabilization applied to microarray data calibration and to the quantification of differential expression},
  author={Huber, Wolfgang and Von Heydebreck, Anja and S{\"u}ltmann, Holger and Poustka, Annemarie and Vingron, Martin},
  journal={Bioinformatics},
  volume={18},
  number={suppl 1},
  pages={96-104},
  year={2002},
  publisher={Oxford University Press}
}

@article{Gardiner1987,
  title={Cp{G} islands in vertebrate genomes},
  author={Gardiner-Garden, M and Frommer, M},
  journal={Journal of Molecular Biology},
  volume={196},
  number={2},
  pages={261--282},
  year={1987},
  publisher={Elsevier}
}

@article{Touleimat2012,
  title={Complete pipeline for Infinium{\textregistered} Human Methylation 450{K} {B}ead{C}hip data processing using subset quantile normalization for accurate {DNA} methylation estimation},
  author={Touleimat, Nizar and Tost, J{\"o}rg},
  journal={Epigenomics},
  volume={4},
  number={3},
  pages={325--341},
  year={2012},
  publisher={Future Medicine}
}

@article{Harden2003,
  title={Quantitative {GSTP}1 methylation clearly distinguishes benign prostatic tissue and limited prostate adenocarcinoma},
  author={Harden, Susan V and Guo, Zhongmin and Epstein, Jonathan I and Sidransky, David},
  journal={The Journal of Urology},
  volume={169},
  number={3},
  pages={1138--1142},
  year={2003},
  publisher={Elsevier}
}

@article{Snellenberg2012,
  title={Development of a multiplex methylation-specific {PCR} as candidate triage test for women with an {HPV}-positive cervical scrape},
  author={Snellenberg, Suzanne and De Strooper, Lise M A and Hesselink, Albertus T and Meijer, Chris J L M and Snijders, Peter J F and Heideman, Dani{\"e}lle A M and Steenbergen, Renske D M},
  journal={BMC Cancer},
  volume={12},
  number={1},
  pages={1},
  year={2012},
  publisher={BioMed Central}
}

@article{Schmittgen2008,
  title={Analyzing real-time {PCR} data by the comparative {CT} method},
  author={Schmittgen, Thomas D and Livak, Kenneth J},
  journal={Nature Protocols},
  volume={3},
  number={6},
  pages={1101--1108},
  year={2008},
  publisher={Nature Publishing Group}
}

@article{Chen2005,
  title={Real-time quantification of micro{RNA}s by stem--loop {RT}--{PCR}},
  author={Chen, Caifu and Ridzon, Dana A and Broomer, Adam J and Zhou, Zhaohui and Lee, Danny H and Nguyen, Julie T and Barbisin, Maura and Xu, Nan Lan and Mahuvakar, Vikram R and Andersen, Mark R and others},
  journal={Nucleic Acids Research},
  volume={33},
  number={20},
  pages={e179--e179},
  year={2005},
  publisher={Oxford Univ Press}
}

@article{Buttitta2003,
  title={Human telomerase reverse transcriptase m{RNA} expression assessed by real-time reverse transcription polymerase chain reaction predicts chemosensitivity in patients with ovarian carcinoma},
  author={Buttitta, Fiamma and Pellegrini, Caterina and Marchetti, Antonio and Gadducci, Angiolo and Cosio, Stefania and Felicioni, Lara and Barassi, Fabio and Salvatore, Simona and Martella, Carla and Coggi, Guido and others},
  journal={Journal of Clinical Oncology},
  volume={21},
  number={7},
  pages={1320--1325},
  year={2003},
  publisher={American Society of Clinical Oncology}
}

@article{Henken2012,
  title={The functional role of Notch signaling in {HPV}-mediated transformation is dose-dependent and linked to {AP}-1 alterations},
  author={Henken, Florianne E and Arce, Johanna D and R{\"o}sl, Frank and Bosch, Leontien and Meijer, Chris J L M and Snijders, Peter J F and Steenbergen, Renske D M},
  journal={Cellular Oncology},
  volume={35},
  number={2},
  pages={77--84},
  year={2012},
  publisher={Springer}
}

%%%%%%%%%%%%%%%%%%%%%%%%%%%%%%%%%%%%%%%%%
%      Final biological paper
%%%%%%%%%%%%%%%%%%%%%%%%%%%%%%%%%%%%%%%%%

@article{Walboomers1999,
  title={Human papillomavirus is a necessary cause of invasive cervical cancer worldwide},
  author={Walboomers, J M M and Jacobs, M V and Manos, M M and Bosch, F X and Kummer, J A and Shah, K V and Snijders, P J F and Peto, J and Meijer, C J L M and Mu{\~n}oz, N},
  journal={The Journal of Pathology},
  volume={189},
  number={1},
  pages={12--19},
  year={1999},
  publisher={Wiley Online Library}
}

@article{Chow2010,
  title={The natural history of human papillomavirus infections of the mucosal epithelia},
  author={Chow, L T and Broker, T R and Steinberg, B M},
  journal={Apmis},
  volume={118},
  number={6-7},
  pages={422--449},
  year={2010},
  publisher={Wiley Online Library}
}

@article{Steenbergen2014,
  title={Clinical implications of (epi) genetic changes in {HPV}-induced cervical precancerous lesions},
  author={Steenbergen, R D M and Snijders, P J F and Heideman, D A M and Meijer, C J L M},
  journal={Nature Reviews Cancer},
  volume={14},
  number={6},
  pages={395--405},
  year={2014},
  publisher={Nature Research}
}

@article{Thomas2014,
  title={Chromosomal gains and losses in human papillomavirus-associated neoplasia of the lower genital tract--a systematic review and meta-analysis},
  author={Thomas, L K and Bermejo, J L and Vinokurova, S and Jensen, K and Bierkens, M and Steenbergen, R and Bergmann, M and von Knebel Doeberitz, M and Reuschenbach, M},
  journal={European Journal of Cancer},
  volume={50},
  number={1},
  pages={85--98},
  year={2014},
  publisher={Elsevier}
}

@article{Sopov2004,
  title={Detection of cancer-related gene expression profiles in severe cervical neoplasia},
  author={Sopov, I and S{\"o}rensen, T and Magbagbeolu, M and Jansen, L and Beer, K and K{\"u}hne-Heid, R and Kirchmayr, R and Schneider, A and D{\"u}rst, M},
  journal={International Journal of Cancer},
  volume={112},
  number={1},
  pages={33--43},
  year={2004},
  publisher={Wiley Online Library}
}

@article{Wong2006,
  title={Genome-wide gene expression profiling of cervical cancer in {H}ong {K}ong women by oligonucleotide microarray},
  author={Wong, Y F and Cheung, T H and Tsao, G S W and Lo, K W K and Yim, S F and Wang, V W and Heung, M and Chan, S and Chan, L K Y and Ho, T W F and others},
  journal={International Journal of Cancer},
  volume={118},
  number={10},
  pages={2461--2469},
  year={2006},
  publisher={Wiley Online Library}
}

@article{Srivastava2017,
  title={Micro{RNA}s in Gynecological Cancers: Small molecules with big implications},
  author={Srivastava, S K and Ahmad, A and Zubair, H and Miree, O and Singh, S and Rocconi, R P and Scalici, J and Singh, A P},
  journal={Cancer Letters},
  year={2017},
  publisher={Elsevier}
}

@article{Hosseini2017,
  title={Dysregulated expression of long noncoding {RNA}s in gynecologic cancers},
  author={Hosseini, E S and Kashani, H H and Sabzalipoor, H and Nikzad, H and Meryet-Figuiere, M and Asemi, Z},
  journal={Molecular Cancer},
  volume={16},
  number={1},
  pages={107},
  year={2017},
  publisher={BioMed Central}
}

@article{Steenbergen1996,
  title={Transition of human papillomavirus type 16 and 18 transfected human foreskin keratinocytes towards immortality: activation of telomerase and allele losses at 3p, 10p, 11q and/or 18q},
  author={Steenbergen, R D M and Walboomers, J M M and Meijer, C J L M and Van der Raaij-Helmer, E M H and Parker, J N and Chow, L T and Broker, T R and Snijders, P J F},
  journal={Oncogene},
  volume={13},
  number={6},
  pages={1249--1258},
  year={1996},
  publisher={Basingstoke, Hampshire, UK: Scientific \& Medical Division, Macmillan Press, c1987-}
}

@article{Wilting2006,
  title={Increased gene copy numbers at chromosome 20q are frequent in both squamous cell carcinomas and adenocarcinomas of the cervix},
  author={Wilting, S M and Snijders, P J F and Meijer, G A and Ylstra, B and van den IJssel, P R L A and Snijders, A M and Albertson, D G and Coffa, J and Schouten, J P and van de Wiel, M A and others},
  journal={The Journal of Pathology},
  volume={209},
  number={2},
  pages={220--230},
  year={2006},
  publisher={Wiley Online Library}
}

@article{Henken2007,
  title={Sequential gene promoter methylation during {HPV}-induced cervical carcinogenesis},
  author={Henken, F E and Wilting, S M and Overmeer, R M and van Rietschoten, J G I and Nygren, A O H and Errami, A and Schouten, J P and Meijer, C J L M and Snijders, P J F and Steenbergen, R D M},
  journal={British Journal of Cancer},
  volume={97},
  number={10},
  pages={1457--1464},
  year={2007},
  publisher={Nature Publishing Group}
}

@article{Smeets2011,
  title={Immortalization of oral keratinocytes by functional inactivation of the p53 and p{R}b pathways},
  author={Smeets, S J and van der Plas, M and Schaaij-Visser, T and van Veen, E A M and van Meerloo, J and Braakhuis, B J M and Steenbergen, R D M and Brakenhoff, R H},
  journal={International Journal of Cancer},
  volume={128},
  number={7},
  pages={1596--1605},
  year={2011},
  publisher={Wiley Online Library}
}

@article{Chen1993,
  title={Genetic analysis of in vitro progression of human papillomavirus-transfected human cervical cells},
  author={Chen, T M and Pecoraro, G and Defendi, V},
  journal={Cancer Research},
  volume={53},
  number={5},
  pages={1167--1171},
  year={1993},
  publisher={AACR}
}

@article{Steenbergen2005,
  title={{HPV}-mediated transformation of the anogenital tract},
  author={Steenbergen, R D M and de Wilde, J and Wilting, S M and Brink, Antoinette A T P and Snijders, P J F and Meijer, C J L M},
  journal={Journal of Clinical Virology},
  volume={32},
  pages={25--33},
  year={2005},
  publisher={Elsevier}
}

@article{Schutze2014,
  title={Differential In Vitro Immortalization Capacity of Eleven, Probable High-Risk Human Papillomavirus Types},
  author={Sch{\"u}tze, D M and Snijders, P J F and Bosch, L and Kramer, D and Meijer, C J L M and Steenbergen, R D M},
  journal={Journal of Virology},
  volume={88},
  number={3},
  pages={1714--1724},
  year={2014},
  publisher={American Society for Microbiology}
}

@article{Moody2010,
  title={Human papillomavirus oncoproteins: pathways to transformation},
  author={Moody, C A and Laimins, L A},
  journal={Nature Reviews Cancer},
  volume={10},
  number={8},
  pages={550--560},
  year={2010},
  publisher={Nature Publishing Group}
}

@article{Klingelhutz2012,
  title={Cellular transformation by human papillomaviruses: lessons learned by comparing high-and low-risk viruses},
  author={Klingelhutz, A J and Roman, A},
  journal={Virology},
  volume={424},
  number={2},
  pages={77--98},
  year={2012},
  publisher={Elsevier}
}

@article{Freedman1974,
  title={Cellular tumorigenicity in nude mice: correlation with cell growth in semi-solid medium},
  author={Freedman, V H and Shin, S},
  journal={Cell},
  volume={3},
  number={4},
  pages={355--359},
  year={1974},
  publisher={Elsevier}
}

@article{Mori2009,
  title={Anchorage-independent cell growth signature identifies tumors with metastatic potential},
  author={Mori, S and Chang, J T and Andrechek, E R and Matsumura, N and Baba, T and Yao, G and Kim, J W and Gatza, M and Murphy, S and Nevins, J R},
  journal={Oncogene},
  volume={28},
  number={31},
  pages={2796--2805},
  year={2009},
  publisher={Nature Publishing Group}
}

@article{Guadamillas2011,
  title={Overcoming anoikis pathways to anchorage-independent growth in cancer},
  author={Guadamillas, M C and Cerezo, A and del Pozo, M A},
  journal={Journal of Cell Science},
  volume={124},
  number={19},
  pages={3189--3197},
  year={2011},
  publisher={The Company of Biologists Ltd}
}

@article{Snellenberg2014,
  title={Methylation-mediated repression of {PRDM}14 contributes to apoptosis evasion in {HPV}-positive cancers},
  author={Snellenberg, S and Cillessen, S A G M and Van Criekinge, W and Bosch, L and Meijer, C J L M and Snijders, P J F and Steenbergen, R D M},
  journal={Carcinogenesis},
  volume={35},
  number={11},
  pages={2611--2618},
  year={2014},
  publisher={Oxford University Press UK}
}

@article{Olshen2004,
  title={Circular binary segmentation for the analysis of array-based {DNA} copy number data},
  author={Olshen, A B and Venkatraman, E S and Lucito, R and Wigler, M},
  journal={Biostatistics},
  volume={5},
  number={4},
  pages={557--572},
  year={2004},
  publisher={Oxford University Press}
}

@article{Irizarry2003,
  title={Exploration, normalization, and summaries of high density oligonucleotide array probe level data},
  author={Irizarry, R A and Hobbs, B and Collin, F and Beazer-Barclay, Y D and Antonellis, K J and Scherf, U and Speed, T P},
  journal={Biostatistics},
  volume={4},
  number={2},
  pages={249--264},
  year={2003},
  publisher={Oxford University Press}
}


@article{Huber2002,
  title={Variance stabilization applied to microarray data calibration and to the quantification of differential expression},
  author={Huber, W and Von Heydebreck, A and S{\"u}ltmann, H and Poustka, A and Vingron, M},
  journal={Bioinformatics},
  volume={18},
  number={suppl\_1},
  pages={S96--S104},
  year={2002},
  publisher={Oxford University Press}
}

@article{Wieringen2007,
  title={Weighted clustering of called array {CGH} data},
  author={Van Wieringen, W N and Van de Wiel, M A and Ylstra, B},
  journal={Biostatistics},
  volume={9},
  number={3},
  pages={484--500},
  year={2007},
  publisher={Oxford University Press}
}

@article{Miranda2006,
  title={A pattern-based method for the identification of micro{RNA} binding sites and their corresponding heteroduplexes},
  author={Miranda, K C and Huynh, T and Tay, Y and Ang, Y S and Tam, W L and Thomson, A M and Lim, B and Rigoutsos, I},
  journal={Cell},
  volume={126},
  number={6},
  pages={1203--1217},
  year={2006},
  publisher={Elsevier}
}

@article{Wong2015,
  title={mi{RDB}: an online resource for micro{RNA} target prediction and functional annotations},
  author={Wong, N and Wang, X},
  journal={Nucleic Acids Research},
  volume={43},
  number={D1},
  pages={D146--D152},
  year={2014},
  publisher={Oxford University Press}
}

@article{Agarwal2015,
  title={Predicting effective micro{RNA} target sites in mammalian m{RNA}s},
  author={Agarwal, V and Bell, G W and Nam, J W and Bartel, D P},
  journal={eLife},
  volume={4},
  pages={e05005},
  year={2015},
  publisher={eLife Sciences Publications Limited}
}

@article{Wilting2013,
  title={Altered micro{RNA} expression associated with chromosomal changes contributes to cervical carcinogenesis},
  author={Wilting, S M and Snijders, P J F and Verlaat, W and Jaspers, A and Van De Wiel, M A and Van Wieringen, W N and Meijer, G A and Kenter, G G and Yi, Yl and Le Sage, C and others},
  journal={Oncogene},
  volume={32},
  number={1},
  pages={106--116},
  year={2013},
  publisher={Nature Publishing Group}
}

@article{Miok2017,
  title={Ridge estimation of the {VAR}(1) model and its time series chain graph from multivariate time-course mics data},
  author={Miok, V and Wilting, S M and Wieringen, W N},
  journal={Biometrical Journal},
  volume={59},
  number={1},
  pages={172--191},
  year={2017},
  publisher={Wiley Online Library}
}

@article{Livak2001,
  title={Analysis of relative gene expression data using real-time quantitative {PCR} and the 2- $\Delta$$\Delta${CT} method},
  author={Livak, K J and Schmittgen, T D},
  journal={Methods},
  volume={25},
  number={4},
  pages={402--408},
  year={2001},
  publisher={Elsevier}
}

@article{WiltingOncot2016,
  title={Aberrant methylation-mediated silencing of micro{RNA}s contributes to {HPV}-induced anchorage independence},
  author={Wilting, S M and Miok, V and Jaspers, A and Boon, D and S{\o}rg{\aa}rd, H and Lando, M and Snoek, B C and van Wieringen, W N and Meijer, C J L M and Lyng, H and others},
  journal={Oncotarget},
  volume={7},
  number={28},
  pages={43805},
  year={2016},
  publisher={Impact Journals, LLC}
}

@article{Paoli2013,
  title={Anoikis molecular pathways and its role in cancer progression},
  author={Paoli, P and Giannoni, E and Chiarugi, P},
  journal={Biochimica et Biophysica Acta (BBA)-Molecular Cell Research},
  volume={1833},
  number={12},
  pages={3481--3498},
  year={2013},
  publisher={Elsevier}
}

@article{Frisch2013,
  title={Mechanisms that link the oncogenic epithelial--mesenchymal transition to suppression of anoikis},
  author={Frisch, S M and Schaller, M and Cieply, B},
  journal={Journal of Cell Science},
  volume={126},
  number={1},
  pages={21--29},
  year={2013},
  publisher={The Company of Biologists Ltd}
}

@article{Garofalo2012,
  title={mi{R}221/222 in cancer: their role in tumor progression and response to therapy},
  author={Garofalo, M and Quintavalle, C and Romano, G and M Croce, C and Condorelli, G},
  journal={Current Molecular Medicine},
  volume={12},
  number={1},
  pages={27--33},
  year={2012},
  publisher={Bentham Science Publishers}
}

@article{Boon2015,
  title={Molecular transitions from papillomavirus infection to cervical precancer and cancer: Role of stromal estrogen receptor signaling},
  author={Den Boon, J A and Pyeon, D and Wang, S S and Horswill, M and Schiffman, M and Sherman, M and Zuna, R E and Wang, Z and Hewitt, S M and Pearson, R and others},
  journal={Proceedings of the National Academy of Sciences},
  volume={112},
  number={25},
  pages={3255-3264},
  year={2015},
  publisher={National Academy Sciences}
}

@article{Korzeniewski2011,
  title={Genomic instability and cancer: lessons learned from human papillomaviruses},
  author={Korzeniewski, N and Spardy, N and Duensing, A and Duensing, S},
  journal={Cancer Letters},
  volume={305},
  number={2},
  pages={113--122},
  year={2011},
  publisher={Elsevier}
}

@article{Duensing2002,
  title={Human papillomaviruses and centrosome duplication errors: modeling the origins of genomic instability},
  author={Duensing, S and M{\"u}nger, K},
  journal={Oncogene},
  volume={21},
  number={40},
  pages={6241},
  year={2002},
  publisher={Nature Publishing Group}
}

@article{Medina2014,
  title={Impact of gene dosage on gene expression, biological processes and survival in cervical cancer: a genome-wide follow-up study},
  author={Medina-Martinez, I and Barr{\'o}n, V and Roman-Bassaure, E and Ju{\'a}rez-Torres, E and Guardado-Estrada, M and Espinosa, AM and Bermudez, M and Fern{\'a}ndez, F and Venegas-Vega, C and Orozco, L and others},
  journal={PloS One},
  volume={9},
  number={5},
  pages={e97842},
  year={2014},
  publisher={Public Library of Science}
}

@article{Veigaard2014,
  title={Exploring the genome-wide relation between copy number status and micro{RNA} expression},
  author={Veigaard, C and Kjeldsen, E},
  journal={Genomics},
  volume={104},
  number={4},
  pages={271--278},
  year={2014},
  publisher={Elsevier}
}

@article{Zhang2006,
  title={micro{RNA}s exhibit high frequency genomic alterations in human cancer},
  author={Zhang, L and Huang, J and Yang, N and Greshock, J and Megraw, MS and Giannakakis, A and Liang, S and Naylor, TL and Barchetti, A and Ward, MR and others},
  journal={Proceedings of the National Academy of Sciences},
  volume={103},
  number={24},
  pages={9136--9141},
  year={2006},
  publisher={National Academy Sciences}
}

@article{Zhang2008,
  title={Genomic and epigenetic alterations deregulate micro{RNA} expression in human epithelial ovarian cancer},
  author={Zhang, L and Volinia, S and Bonome, T and Calin, G A and Greshock, J and Yang, N and Liu, C G and Giannakakis, A and Alexiou, P and Hasegawa, K and others},
  journal={Proceedings of the National Academy of Sciences},
  volume={105},
  number={19},
  pages={7004--7009},
  year={2008},
  publisher={National Academy Sciences}
}

@article{Khalifa2011,
  title={The human papillomavirus {E}6 oncogene represses a cell adhesion pathway and disrupts focal adhesion through degradation of {T}ap63$\beta$ upon transformation},
  author={Khalifa, YB and Teissier, S and Tan, MKM and Phan, QT and Daynac, M and Wong, WQ and Thierry, F},
  journal={PLoS Pathogens},
  volume={7},
  number={9},
  pages={e1002256},
  year={2011},
  publisher={Public Library of Science}
}

@article{Mack2013,
  title={The {LKB}1 tumor suppressor differentially affects anchorage independent growth of {HPV} positive cervical cancer cell lines},
  author={Mack, H I D and Munger, K},
  journal={Virology},
  volume={446},
  number={1},
  pages={9--16},
  year={2013},
  publisher={Elsevier}
}

@article{Overmeer2009,
  title={Repression of {MAL} tumour suppressor activity by promoter methylation during cervical carcinogenesis},
  author={Overmeer, R M and Henken, F E and Bierkens, M and Wilting, S M and Timmerman, I and Meijer, C J L M and Snijders, P J F and Steenbergen, R D M},
  journal={The Journal of Pathology},
  volume={219},
  number={3},
  pages={327--336},
  year={2009},
  publisher={Wiley Online Library}
}

@article{Razani2000,
  title={Caveolin-1 expression is down-regulated in cells transformed by the human papilloma virus in a p53-dependent manner. {R}eplacement of caveolin-1 expression suppresses {HPV}-mediated cell transformation},
  author={Razani, B and Altschuler, Y and Zhu, L and Pestell, R G and Mostov, K E and Lisanti, M P},
  journal={Biochemistry},
  volume={39},
  number={45},
  pages={13916--13924},
  year={2000},
  publisher={ACS Publications}
}

@article{Jaluria2007,
  title={Application of microarrays to identify and characterize genes involved in attachment dependence in {H}e{L}a cells},
  author={Jaluria, P and Betenbaugh, M and Konstantopoulos, K and Frank, B and Shiloach, J},
  journal={Metabolic Engineering},
  volume={9},
  number={3},
  pages={241--251},
  year={2007},
  publisher={Elsevier}
}

@article{Tang2015,
  title={Caveolin-1 confers resistance of hepatoma cells to anoikis by activating {IGF}-1 pathway},
  author={Tang, W and Feng, X and Zhang, S and Ren, Z and Liu, Y and Yang, B and Cai, Y and Xia, J and Ge, N and others},
  journal={Cellular Physiology and Biochemistry},
  volume={36},
  number={3},
  pages={1223--1236},
  year={2015},
  publisher={Karger Publishers}
}

@article{Sun2014,
  title={Upregulation of {BNIP}3 mediated by {ERK}/{HIF}-1$\alpha$ pathway induces autophagy and contributes to anoikis resistance of hepatocellular carcinoma cells},
  author={Sun, L and Li, T and Wei, Q and Zhang, Y and Jia, X and Wan, Z and Han, L},
  journal={Future Oncology},
  volume={10},
  number={8},
  pages={1387--1398},
  year={2014},
  publisher={Future Medicine}
}

@article{Luo2011,
  title={Mouse snail is a target gene for {HIF}},
  author={Luo, D and Wang, J and Li, J and Post, M},
  journal={Molecular Cancer Research},
  volume={9},
  number={2},
  pages={234--245},
  year={2011},
  publisher={AACR}
}

@article{Yang2008,
  title={Direct regulation of {TWIST} by {HIF}-1$\alpha$ promotes metastasis},
  author={Yang, M H and Wu, M Z and Chiou, S H and Chen, P M and Chang, S Y and Liu, C J and Teng, S C and Wu, K J},
  journal={Nature Cell Biology},
  volume={10},
  number={3},
  pages={295--305},
  year={2008},
  publisher={Nature Publishing Group}
}

@article{Evans2007,
  title={V{HL} promotes {E}2 box-dependent {E}-cadherin transcription by {HIF}-mediated regulation of {SIP}1 and snail},
  author={Evans, A J and Russell, R C and Roche, O and Burry, T N and Fish, J E and Chow, V W K and Kim, W Y and Saravanan, A and Maynard, M A and Gervais, M L and others},
  journal={Molecular and Cellular Biology},
  volume={27},
  number={1},
  pages={157--169},
  year={2007},
  publisher={American Society for Microbiology}
}

@article{Zhu2016,
  title={Transforming growth factor-$\beta$1 in carcinogenesis, progression, and therapy in cervical cancer},
  author={Zhu, H and Luo, H and Shen, Z and Hu, X and Sun, L and Zhu, X},
  journal={Tumor Biology},
  volume={37},
  number={6},
  pages={7075--7083},
  year={2016},
  publisher={Springer}
}

@article{Wu2002,
  title={The concentration of serum {T}ransforming {G}rowth {F}actor beta-1 ({TGF}-$\beta$1) is decreased in cervical carcinoma patients},
  author={Wu, H S and Li, Y F and Chou, C I and Yuan, C C and Hung, M W and Tsai, L C},
  journal={Cancer Investigation},
  volume={20},
  number={1},
  pages={55--59},
  year={2002},
  publisher={Taylor \& Francis}
}

@article{Hou2012,
  title={Distribution of {T}h17 cells and {F}oxp3-expressing {T} cells in tumor-infiltrating lymphocytes in patients with uterine cervical cancer},
  author={Hou, F and Li, Z and Ma, D and Zhang, W and Zhang, Y and Zhang, T and Kong, B and Cui, B},
  journal={Clinica Chimica Acta},
  volume={413},
  number={23},
  pages={1848--1854},
  year={2012},
  publisher={Elsevier}
}

@article{Fan2014,
  title={The prognosis significance of {TGF}-$\beta$1 and {ER} protein in cervical adenocarcinoma patients with stage {I}b\~{}{II}a},
  author={Fan, D M and Tian, X Y and Wang, R F and Yu, J J},
  journal={Tumor Biology},
  volume={35},
  number={11},
  pages={11237--11242},
  year={2014},
  publisher={Springer}
}

@article{Massague2008,
  title={T{GF}-$\beta$ in cancer},
  author={Massagu{\'e}, J},
  journal={Cell},
  volume={134},
  number={2},
  pages={215--230},
  year={2008},
  publisher={Elsevier}
}

@article{Neuzillet2015,
  title={Targeting the {TGF}$\beta$ pathway for cancer therapy},
  author={Neuzillet, C and Tijeras-Raballand, A and Cohen, R and Cros, J and Faivre, S and Raymond, E and de Gramont, A},
  journal={Pharmacology \& Therapeutics},
  volume={147},
  pages={22--31},
  year={2015},
  publisher={Elsevier}
}

@article{Shen2017,
  title={T{GF}-$\beta$ in pancreatic cancer initiation and progression: two sides of the same coin},
  author={Shen, W and Tao, G G and Zhang, Y and Cai, B and Sun, J and Tian, Z G},
  journal={Cell \& Bioscience},
  volume={7},
  number={1},
  pages={39},
  year={2017},
  publisher={BioMed Central}
}

@article{Katz2013,
  title={Targeting {TGF}-$\beta$ signaling in cancer},
  author={Katz, L H and Li, Y and Chen, J S and Mu{\~n}oz, N M and Majumdar, A and Chen, J and Mishra, L},
  journal={Expert Opinion on Therapeutic Targets},
  volume={17},
  number={7},
  pages={743--760},
  year={2013},
  publisher={Taylor \& Francis}
}

@article{Colak2017,
  title={Targeting {TGF}-$\beta$ signaling in cancer},
  author={Colak, Selcuk and ten Dijke, Peter},
  journal={Trends in Cancer},
  year={2017},
  publisher={Elsevier}
}

%%%%%%%%%%%%%%%%%%%%%%%%%%%%%%%%%%%%%%%%%
%      Discusion
%%%%%%%%%%%%%%%%%%%%%%%%%%%%%%%%%%%%%%%%%


@article{Pinzon2017,
  title={micro{RNA} target prediction programs predict many false positives},
  author={Pinz{\'o}n, N and Li, B and Martinez, L and Sergeeva, A and Presumey, J and Apparailly, F and Seitz, H},
  journal={Genome Research},
  volume={27},
  number={2},
  pages={234--245},
  year={2017},
  publisher={Cold Spring Harbor Lab}
}

@article{Tabas2014,
  title={Improving mi{RNA}-m{RNA} interaction predictions},
  author={Tabas-Madrid, D and Muniategui, A and S{\'a}nchez-Caballero, I and Mart{\'\i}nez-Herrera, D J and Sorzano, C O S and Rubio, A and Pascual-Montano, A},
  journal={BMC Genomics},
  volume={15},
  number={10},
  pages={S2},
  year={2014},
  publisher={BioMed Central}
}

@article{Wang2013,
  title={Integration of steady-state and temporal gene expression data for the inference of gene regulatory networks},
  author={Wang, Y K and Hurley, D G and Schnell, S and Crampin, E J and others},
  journal={PloS One},
  volume={8},
  number={8},
  pages={e72103},
  year={2013},
  publisher={Public Library of Science}
}

@article{Novianti2017,
  title={Better diagnostic signatures from {RNA}seq data through use of auxiliary co-data},
  author={Novianti, P W and Snoek, B C and Wilting, S M and van de Wiel, M A},
  journal={Bioinformatics},
  volume={33},
  number={10},
  pages={1572--1574},
  year={2017},
  publisher={Oxford University Press}
}

@article{Alix2013,
  title={Circulating tumor cells: liquid biopsy of cancer},
  author={Alix-Panabi{\`e}res, C and Pantel, K},
  journal={Clinical Chemistry},
  volume={59},
  number={1},
  pages={110--118},
  year={2013},
  publisher={Clinical Chemistry}
}

@article{Liu2009,
  title={The nonparanormal: {S}emiparametric estimation of high dimensional undirected graphs},
  author={Liu, H and Lafferty, J and Wasserman, L},
  journal={Journal of Machine Learning Research},
  volume={10},
  number={Oct},
  pages={2295--2328},
  year={2009}
}

@article{Dobra2011,
  title={Copula {G}aussian graphical models and their application to modeling functional disability data},
  author={Dobra, A and Lenkoski, A and others},
  journal={The Annals of Applied Statistics},
  volume={5},
  number={2A},
  pages={969--993},
  year={2011},
  publisher={Institute of Mathematical Statistics}
}

@article{Liu2012,
  title={High-dimensional semiparametric {G}aussian copula graphical models},
  author={Liu, H and Han, F and Yuan, M and Lafferty, J and Wasserman, L and others},
  journal={The Annals of Statistics},
  volume={40},
  number={4},
  pages={2293--2326},
  year={2012},
  publisher={Institute of Mathematical Statistics}
}

@article{Wilting2016,
  title={Molecular events leading to {HPV}-induced high grade neoplasia},
  author={Wilting, S M and Steenbergen, R D M},
  journal={Papillomavirus Research},
  volume={2},
  pages={85-88},
  year={2016},
  publisher={Elsevier}
}

@inproceedings{Song2009,
  title={Time-varying dynamic {B}ayesian networks},
  author={Song, L and Kolar, M and Xing, E P},
  journal={Papillomavirus Research},
  pages={1732-1740},
  year={2009},
  publisher={Elsevier}
}

@article{Silver2008,
  title={Microarray background correction: maximum likelihood estimation for the normal exponential convolution},
  author={Silver, J D and Ritchie, M E and Smyth, G K},
  journal={Biostatistics},
  volume={10},
  number={2},
  pages={352-363},
  year={2008},
  publisher={Oxford University Press}
}

@article{Allen2013,
  title={A local {P}oisson graphical model for inferring networks from sequencing data},
  author={Allen, G I and Liu, Z},
  journal={IEEE Transactions on NanoBioscience},
  volume={12},
  number={3},
  pages={189--198},
  year={2013},
  publisher={IEEE}
}

@article{Supp2018,
  title={n graphical model for inferring networks from sequencing data},
  author={Liu, Z},
  journal={IEEE Transactions on NanoBioscience},
  volume={12},
  number={3},
  pages={189--198},
  year={2013},
  publisher={IEEE}
}



















































